%YAML 1.1
%TAG !u! tag:unity3d.com,2011:
--- !u!29 &1
OcclusionCullingSettings:
  m_ObjectHideFlags: 0
  serializedVersion: 2
  m_OcclusionBakeSettings:
    smallestOccluder: 5
    smallestHole: 0.25
    backfaceThreshold: 100
  m_SceneGUID: 00000000000000000000000000000000
  m_OcclusionCullingData: {fileID: 0}
--- !u!104 &2
RenderSettings:
  m_ObjectHideFlags: 0
  serializedVersion: 9
  m_Fog: 0
  m_FogColor: {r: 0.5, g: 0.5, b: 0.5, a: 1}
  m_FogMode: 3
  m_FogDensity: 0.01
  m_LinearFogStart: 0
  m_LinearFogEnd: 300
  m_AmbientSkyColor: {r: 0.212, g: 0.227, b: 0.259, a: 1}
  m_AmbientEquatorColor: {r: 0.114, g: 0.125, b: 0.133, a: 1}
  m_AmbientGroundColor: {r: 0.047, g: 0.043, b: 0.035, a: 1}
  m_AmbientIntensity: 1
  m_AmbientMode: 0
  m_SubtractiveShadowColor: {r: 0.42, g: 0.478, b: 0.627, a: 1}
  m_SkyboxMaterial: {fileID: 10304, guid: 0000000000000000f000000000000000, type: 0}
  m_HaloStrength: 0.5
  m_FlareStrength: 1
  m_FlareFadeSpeed: 3
  m_HaloTexture: {fileID: 0}
  m_SpotCookie: {fileID: 10001, guid: 0000000000000000e000000000000000, type: 0}
  m_DefaultReflectionMode: 0
  m_DefaultReflectionResolution: 128
  m_ReflectionBounces: 1
  m_ReflectionIntensity: 1
  m_CustomReflection: {fileID: 0}
  m_Sun: {fileID: 0}
  m_IndirectSpecularColor: {r: 0.44657838, g: 0.49641228, b: 0.57481676, a: 1}
  m_UseRadianceAmbientProbe: 0
--- !u!157 &3
LightmapSettings:
  m_ObjectHideFlags: 0
  serializedVersion: 12
  m_GIWorkflowMode: 1
  m_GISettings:
    serializedVersion: 2
    m_BounceScale: 1
    m_IndirectOutputScale: 1
    m_AlbedoBoost: 1
    m_EnvironmentLightingMode: 0
    m_EnableBakedLightmaps: 1
    m_EnableRealtimeLightmaps: 0
  m_LightmapEditorSettings:
    serializedVersion: 12
    m_Resolution: 2
    m_BakeResolution: 40
    m_AtlasSize: 1024
    m_AO: 0
    m_AOMaxDistance: 1
    m_CompAOExponent: 1
    m_CompAOExponentDirect: 0
    m_ExtractAmbientOcclusion: 0
    m_Padding: 2
    m_LightmapParameters: {fileID: 0}
    m_LightmapsBakeMode: 1
    m_TextureCompression: 1
    m_FinalGather: 0
    m_FinalGatherFiltering: 1
    m_FinalGatherRayCount: 256
    m_ReflectionCompression: 2
    m_MixedBakeMode: 2
    m_BakeBackend: 1
    m_PVRSampling: 1
    m_PVRDirectSampleCount: 32
    m_PVRSampleCount: 512
    m_PVRBounces: 2
    m_PVREnvironmentSampleCount: 256
    m_PVREnvironmentReferencePointCount: 2048
    m_PVRFilteringMode: 1
    m_PVRDenoiserTypeDirect: 1
    m_PVRDenoiserTypeIndirect: 1
    m_PVRDenoiserTypeAO: 1
    m_PVRFilterTypeDirect: 0
    m_PVRFilterTypeIndirect: 0
    m_PVRFilterTypeAO: 0
    m_PVREnvironmentMIS: 1
    m_PVRCulling: 1
    m_PVRFilteringGaussRadiusDirect: 1
    m_PVRFilteringGaussRadiusIndirect: 5
    m_PVRFilteringGaussRadiusAO: 2
    m_PVRFilteringAtrousPositionSigmaDirect: 0.5
    m_PVRFilteringAtrousPositionSigmaIndirect: 2
    m_PVRFilteringAtrousPositionSigmaAO: 1
    m_ExportTrainingData: 0
    m_TrainingDataDestination: TrainingData
    m_LightProbeSampleCountMultiplier: 4
  m_LightingDataAsset: {fileID: 0}
  m_LightingSettings: {fileID: 0}
--- !u!196 &4
NavMeshSettings:
  serializedVersion: 2
  m_ObjectHideFlags: 0
  m_BuildSettings:
    serializedVersion: 3
    agentTypeID: 0
    agentRadius: 0.5
    agentHeight: 2
    agentSlope: 45
    agentClimb: 0.4
    ledgeDropHeight: 0
    maxJumpAcrossDistance: 0
    minRegionArea: 2
    manualCellSize: 0
    cellSize: 0.16666667
    manualTileSize: 0
    tileSize: 256
    buildHeightMesh: 0
    maxJobWorkers: 0
    preserveTilesOutsideBounds: 0
    debug:
      m_Flags: 0
  m_NavMeshData: {fileID: 0}
--- !u!1 &72234791
GameObject:
  m_ObjectHideFlags: 0
  m_CorrespondingSourceObject: {fileID: 0}
  m_PrefabInstance: {fileID: 0}
  m_PrefabAsset: {fileID: 0}
  serializedVersion: 6
  m_Component:
  - component: {fileID: 72234792}
  - component: {fileID: 72234793}
  m_Layer: 0
  m_Name: LeftLegIK_target
  m_TagString: Untagged
  m_Icon: {fileID: 0}
  m_NavMeshLayer: 0
  m_StaticEditorFlags: 0
  m_IsActive: 1
--- !u!4 &72234792
Transform:
  m_ObjectHideFlags: 0
  m_CorrespondingSourceObject: {fileID: 0}
  m_PrefabInstance: {fileID: 0}
  m_PrefabAsset: {fileID: 0}
  m_GameObject: {fileID: 72234791}
  serializedVersion: 2
  m_LocalRotation: {x: 0.000000029802326, y: -0, z: -0, w: 1}
  m_LocalPosition: {x: -22.72218, y: 4.035885, z: 49.2}
  m_LocalScale: {x: 0.1, y: 0.1, z: 0.1}
  m_ConstrainProportionsScale: 0
  m_Children: []
  m_Father: {fileID: 1949219356}
  m_LocalEulerAnglesHint: {x: 0, y: 0, z: 0}
--- !u!114 &72234793
MonoBehaviour:
  m_ObjectHideFlags: 0
  m_CorrespondingSourceObject: {fileID: 0}
  m_PrefabInstance: {fileID: 0}
  m_PrefabAsset: {fileID: 0}
  m_GameObject: {fileID: 72234791}
  m_Enabled: 1
  m_EditorHideFlags: 0
  m_Script: {fileID: 11500000, guid: 01349947f2a6a4fffa8b26b7627e5ddc, type: 3}
  m_Name: 
  m_EditorClassIdentifier: 
  body: {fileID: 1517687828}
  terrainLayer:
    serializedVersion: 2
    m_Bits: 1
--- !u!1 &146967372
GameObject:
  m_ObjectHideFlags: 0
  m_CorrespondingSourceObject: {fileID: 0}
  m_PrefabInstance: {fileID: 0}
  m_PrefabAsset: {fileID: 0}
  serializedVersion: 6
  m_Component:
  - component: {fileID: 146967373}
  - component: {fileID: 146967374}
  m_Layer: 0
  m_Name: leftLeg_target
  m_TagString: Untagged
  m_Icon: {fileID: 0}
  m_NavMeshLayer: 0
  m_StaticEditorFlags: 0
  m_IsActive: 1
--- !u!4 &146967373
Transform:
  m_ObjectHideFlags: 0
  m_CorrespondingSourceObject: {fileID: 0}
  m_PrefabInstance: {fileID: 0}
  m_PrefabAsset: {fileID: 0}
  m_GameObject: {fileID: 146967372}
  serializedVersion: 2
  m_LocalRotation: {x: -0.70710254, y: -0.0028741688, z: -0.70709944, w: 0.0028744403}
  m_LocalPosition: {x: 0.45999008, y: 0.1679541, z: -1.7872503}
  m_LocalScale: {x: 0.1, y: 0.09999999, z: 0.09999999}
  m_ConstrainProportionsScale: 0
  m_Children: []
  m_Father: {fileID: 1903016305}
  m_LocalEulerAnglesHint: {x: 0, y: 0, z: 0}
--- !u!114 &146967374
MonoBehaviour:
  m_ObjectHideFlags: 0
  m_CorrespondingSourceObject: {fileID: 0}
  m_PrefabInstance: {fileID: 0}
  m_PrefabAsset: {fileID: 0}
  m_GameObject: {fileID: 146967372}
  m_Enabled: 1
  m_EditorHideFlags: 0
  m_Script: {fileID: 11500000, guid: cbbaf0a150dd145a7b72a6311300f521, type: 3}
  m_Name: 
  m_EditorClassIdentifier: 
  body: {fileID: 897373305}
  otherFoot: {fileID: 1224854110}
  terrainLayer:
    serializedVersion: 2
    m_Bits: 1
--- !u!4 &405619132 stripped
Transform:
  m_CorrespondingSourceObject: {fileID: 4083501151425157549, guid: a87fdae98069d42da9ad114f0c7ee80e, type: 3}
  m_PrefabInstance: {fileID: 587415436}
  m_PrefabAsset: {fileID: 0}
--- !u!1 &584281737
GameObject:
  m_ObjectHideFlags: 0
  m_CorrespondingSourceObject: {fileID: 0}
  m_PrefabInstance: {fileID: 0}
  m_PrefabAsset: {fileID: 0}
  serializedVersion: 6
  m_Component:
  - component: {fileID: 584281739}
  - component: {fileID: 584281738}
  m_Layer: 0
  m_Name: Rig 1
  m_TagString: Untagged
  m_Icon: {fileID: 0}
  m_NavMeshLayer: 0
  m_StaticEditorFlags: 0
  m_IsActive: 1
--- !u!114 &584281738
MonoBehaviour:
  m_ObjectHideFlags: 0
  m_CorrespondingSourceObject: {fileID: 0}
  m_PrefabInstance: {fileID: 0}
  m_PrefabAsset: {fileID: 0}
  m_GameObject: {fileID: 584281737}
  m_Enabled: 1
  m_EditorHideFlags: 0
  m_Script: {fileID: 11500000, guid: 70b342d8ce5c2fd48b8fa3147d48d1d1, type: 3}
  m_Name: 
  m_EditorClassIdentifier: 
  m_Weight: 1
  m_Effectors:
  - m_Transform: {fileID: 2097771092}
    m_Style:
      shape: {fileID: 4300000, guid: 687b70eb9c49243639f9379f6965034f, type: 2}
      color: {r: 1, g: 0, b: 0, a: 0.5}
      size: 9.94
      position: {x: 0, y: 0, z: 0}
      rotation: {x: 0, y: 0, z: 0}
    m_Visible: 1
  - m_Transform: {fileID: 1182230636}
    m_Style:
      shape: {fileID: 4300000, guid: e050c2b16fe384bd994474655a4b4968, type: 2}
      color: {r: 1, g: 0, b: 0, a: 0.5}
      size: 12.09
      position: {x: 0, y: 0, z: 0}
      rotation: {x: 0, y: 0, z: 0}
    m_Visible: 1
  - m_Transform: {fileID: 0}
    m_Style:
      shape: {fileID: 4300000, guid: 687b70eb9c49243639f9379f6965034f, type: 2}
      color: {r: 1, g: 0, b: 0, a: 0.5}
      size: 0.1
      position: {x: 0, y: 0, z: 0}
      rotation: {x: 0, y: 0, z: 0}
    m_Visible: 1
  - m_Transform: {fileID: 0}
    m_Style:
      shape: {fileID: 4300000, guid: e050c2b16fe384bd994474655a4b4968, type: 2}
      color: {r: 1, g: 0, b: 0, a: 0.5}
      size: 0.1
      position: {x: 0, y: 0, z: 0}
      rotation: {x: 0, y: 0, z: 0}
    m_Visible: 1
  - m_Transform: {fileID: 72234792}
    m_Style:
      shape: {fileID: 4300000, guid: 687b70eb9c49243639f9379f6965034f, type: 2}
      color: {r: 1, g: 0, b: 0, a: 0.5}
      size: 9.94
      position: {x: 0, y: 0, z: 0}
      rotation: {x: 0, y: 0, z: 0}
    m_Visible: 1
  - m_Transform: {fileID: 689824924}
    m_Style:
      shape: {fileID: 4300000, guid: e050c2b16fe384bd994474655a4b4968, type: 2}
      color: {r: 1, g: 0, b: 0, a: 0.5}
      size: 12.09
      position: {x: 0, y: 0, z: 0}
      rotation: {x: 0, y: 0, z: 0}
    m_Visible: 1
--- !u!4 &584281739
Transform:
  m_ObjectHideFlags: 0
  m_CorrespondingSourceObject: {fileID: 0}
  m_PrefabInstance: {fileID: 0}
  m_PrefabAsset: {fileID: 0}
  m_GameObject: {fileID: 584281737}
  serializedVersion: 2
  m_LocalRotation: {x: -0, y: -0, z: -0, w: 1}
  m_LocalPosition: {x: 9.841179, y: -0.0000038146973, z: -25.591946}
  m_LocalScale: {x: 1, y: 1, z: 1}
  m_ConstrainProportionsScale: 0
  m_Children:
  - {fileID: 1888798085}
  - {fileID: 1949219356}
  m_Father: {fileID: 1517687828}
  m_LocalEulerAnglesHint: {x: 0, y: 0, z: 0}
--- !u!1001 &587415436
PrefabInstance:
  m_ObjectHideFlags: 0
  serializedVersion: 2
  m_Modification:
    serializedVersion: 3
    m_TransformParent: {fileID: 0}
    m_Modifications:
    - target: {fileID: -8679921383154817045, guid: a87fdae98069d42da9ad114f0c7ee80e, type: 3}
      propertyPath: m_LocalPosition.x
      value: 8.584484
      objectReference: {fileID: 0}
    - target: {fileID: -8679921383154817045, guid: a87fdae98069d42da9ad114f0c7ee80e, type: 3}
      propertyPath: m_LocalPosition.y
      value: 0.65379405
      objectReference: {fileID: 0}
    - target: {fileID: -8679921383154817045, guid: a87fdae98069d42da9ad114f0c7ee80e, type: 3}
      propertyPath: m_LocalPosition.z
      value: 52.309723
      objectReference: {fileID: 0}
    - target: {fileID: -8679921383154817045, guid: a87fdae98069d42da9ad114f0c7ee80e, type: 3}
      propertyPath: m_LocalRotation.w
      value: 1
      objectReference: {fileID: 0}
    - target: {fileID: -8679921383154817045, guid: a87fdae98069d42da9ad114f0c7ee80e, type: 3}
      propertyPath: m_LocalRotation.x
      value: 0
      objectReference: {fileID: 0}
    - target: {fileID: -8679921383154817045, guid: a87fdae98069d42da9ad114f0c7ee80e, type: 3}
      propertyPath: m_LocalRotation.y
      value: 0
      objectReference: {fileID: 0}
    - target: {fileID: -8679921383154817045, guid: a87fdae98069d42da9ad114f0c7ee80e, type: 3}
      propertyPath: m_LocalRotation.z
      value: 0
      objectReference: {fileID: 0}
    - target: {fileID: -8679921383154817045, guid: a87fdae98069d42da9ad114f0c7ee80e, type: 3}
      propertyPath: m_LocalEulerAnglesHint.x
      value: 0
      objectReference: {fileID: 0}
    - target: {fileID: -8679921383154817045, guid: a87fdae98069d42da9ad114f0c7ee80e, type: 3}
      propertyPath: m_LocalEulerAnglesHint.y
      value: 0
      objectReference: {fileID: 0}
    - target: {fileID: -8679921383154817045, guid: a87fdae98069d42da9ad114f0c7ee80e, type: 3}
      propertyPath: m_LocalEulerAnglesHint.z
      value: 0
      objectReference: {fileID: 0}
    - target: {fileID: 919132149155446097, guid: a87fdae98069d42da9ad114f0c7ee80e, type: 3}
      propertyPath: m_Name
      value: PrototypeModel
      objectReference: {fileID: 0}
    - target: {fileID: 919132149155446097, guid: a87fdae98069d42da9ad114f0c7ee80e, type: 3}
      propertyPath: m_IsActive
      value: 0
      objectReference: {fileID: 0}
    - target: {fileID: 919132149155446097, guid: a87fdae98069d42da9ad114f0c7ee80e, type: 3}
      propertyPath: m_StaticEditorFlags
      value: 0
      objectReference: {fileID: 0}
    m_RemovedComponents: []
    m_RemovedGameObjects: []
    m_AddedGameObjects: []
    m_AddedComponents:
    - targetCorrespondingSourceObject: {fileID: 919132149155446097, guid: a87fdae98069d42da9ad114f0c7ee80e, type: 3}
      insertIndex: -1
      addedObject: {fileID: 587415736}
  m_SourcePrefab: {fileID: 100100000, guid: a87fdae98069d42da9ad114f0c7ee80e, type: 3}
--- !u!1 &587415437 stripped
GameObject:
  m_CorrespondingSourceObject: {fileID: 919132149155446097, guid: a87fdae98069d42da9ad114f0c7ee80e, type: 3}
  m_PrefabInstance: {fileID: 587415436}
  m_PrefabAsset: {fileID: 0}
--- !u!4 &587415735 stripped
Transform:
  m_CorrespondingSourceObject: {fileID: -8679921383154817045, guid: a87fdae98069d42da9ad114f0c7ee80e, type: 3}
  m_PrefabInstance: {fileID: 587415436}
  m_PrefabAsset: {fileID: 0}
--- !u!114 &587415736
MonoBehaviour:
  m_ObjectHideFlags: 0
  m_CorrespondingSourceObject: {fileID: 0}
  m_PrefabInstance: {fileID: 0}
  m_PrefabAsset: {fileID: 0}
  m_GameObject: {fileID: 587415437}
  m_Enabled: 1
  m_EditorHideFlags: 0
  m_Script: {fileID: 11500000, guid: b2d8418b0b9634b1892b0268dd9c2743, type: 3}
  m_Name: 
  m_EditorClassIdentifier: 
  boneShape: 1
  drawBones: 1
  drawTripods: 0
  boneSize: 1
  tripodSize: 1
  boneColor: {r: 0, g: 0, b: 1, a: 0.5}
  m_Transforms:
  - {fileID: 587415735}
  - {fileID: 1927003529}
  - {fileID: 405619132}
  - {fileID: 1475682718}
  - {fileID: 1584523726}
  - {fileID: 1481005894}
  - {fileID: 1035879734}
  - {fileID: 1937722961}
--- !u!1 &689824923
GameObject:
  m_ObjectHideFlags: 0
  m_CorrespondingSourceObject: {fileID: 0}
  m_PrefabInstance: {fileID: 0}
  m_PrefabAsset: {fileID: 0}
  serializedVersion: 6
  m_Component:
  - component: {fileID: 689824924}
  m_Layer: 0
  m_Name: LeftLegIK_hint
  m_TagString: Untagged
  m_Icon: {fileID: 0}
  m_NavMeshLayer: 0
  m_StaticEditorFlags: 0
  m_IsActive: 1
--- !u!4 &689824924
Transform:
  m_ObjectHideFlags: 0
  m_CorrespondingSourceObject: {fileID: 0}
  m_PrefabInstance: {fileID: 0}
  m_PrefabAsset: {fileID: 0}
  m_GameObject: {fileID: 689824923}
  serializedVersion: 2
  m_LocalRotation: {x: -0, y: -0, z: -0, w: 1}
  m_LocalPosition: {x: -22.72218, y: 27.983511, z: -18.629906}
  m_LocalScale: {x: 0.1, y: 0.1, z: 0.1}
  m_ConstrainProportionsScale: 0
  m_Children: []
  m_Father: {fileID: 1949219356}
  m_LocalEulerAnglesHint: {x: 0, y: 0, z: 0}
--- !u!1 &731405024
GameObject:
  m_ObjectHideFlags: 0
  m_CorrespondingSourceObject: {fileID: 0}
  m_PrefabInstance: {fileID: 0}
  m_PrefabAsset: {fileID: 0}
  serializedVersion: 6
  m_Component:
  - component: {fileID: 731405025}
  m_Layer: 0
  m_Name: leftArm_hint
  m_TagString: Untagged
  m_Icon: {fileID: 0}
  m_NavMeshLayer: 0
  m_StaticEditorFlags: 0
  m_IsActive: 1
--- !u!4 &731405025
Transform:
  m_ObjectHideFlags: 0
  m_CorrespondingSourceObject: {fileID: 0}
  m_PrefabInstance: {fileID: 0}
  m_PrefabAsset: {fileID: 0}
  m_GameObject: {fileID: 731405024}
  serializedVersion: 2
  m_LocalRotation: {x: -0, y: -0, z: -0, w: 1}
  m_LocalPosition: {x: 1.5731223, y: 1.8948282, z: -1.7872508}
  m_LocalScale: {x: 0.1, y: 0.09999999, z: 0.09999999}
  m_ConstrainProportionsScale: 0
  m_Children: []
  m_Father: {fileID: 1087646853}
  m_LocalEulerAnglesHint: {x: 0, y: 0, z: 0}
--- !u!1 &888770935
GameObject:
  m_ObjectHideFlags: 0
  m_CorrespondingSourceObject: {fileID: 0}
  m_PrefabInstance: {fileID: 0}
  m_PrefabAsset: {fileID: 0}
  serializedVersion: 6
  m_Component:
  - component: {fileID: 888770936}
  - component: {fileID: 888770937}
  m_Layer: 0
  m_Name: rightArm
  m_TagString: Untagged
  m_Icon: {fileID: 0}
  m_NavMeshLayer: 0
  m_StaticEditorFlags: 0
  m_IsActive: 1
--- !u!4 &888770936
Transform:
  m_ObjectHideFlags: 0
  m_CorrespondingSourceObject: {fileID: 0}
  m_PrefabInstance: {fileID: 0}
  m_PrefabAsset: {fileID: 0}
  m_GameObject: {fileID: 888770935}
  serializedVersion: 2
  m_LocalRotation: {x: 0, y: 0, z: 0, w: 1}
  m_LocalPosition: {x: 0, y: 0, z: 0}
  m_LocalScale: {x: 1, y: 1, z: 1}
  m_ConstrainProportionsScale: 0
  m_Children:
  - {fileID: 2132518294}
  - {fileID: 1094688927}
  m_Father: {fileID: 925433665}
  m_LocalEulerAnglesHint: {x: 0, y: 0, z: 0}
--- !u!114 &888770937
MonoBehaviour:
  m_ObjectHideFlags: 0
  m_CorrespondingSourceObject: {fileID: 0}
  m_PrefabInstance: {fileID: 0}
  m_PrefabAsset: {fileID: 0}
  m_GameObject: {fileID: 888770935}
  m_Enabled: 1
  m_EditorHideFlags: 0
  m_Script: {fileID: 11500000, guid: aeda7bfbf984f2a4da5ab4b8967b115d, type: 3}
  m_Name: 
  m_EditorClassIdentifier: 
  m_Weight: 1
  m_Data:
    m_Root: {fileID: 897373286}
    m_Mid: {fileID: 897373285}
    m_Tip: {fileID: 897373283}
    m_Target: {fileID: 2132518294}
    m_Hint: {fileID: 1094688927}
    m_TargetPositionWeight: 1
    m_TargetRotationWeight: 1
    m_HintWeight: 1
    m_MaintainTargetPositionOffset: 0
    m_MaintainTargetRotationOffset: 0
--- !u!1001 &897373265
PrefabInstance:
  m_ObjectHideFlags: 0
  serializedVersion: 2
  m_Modification:
    serializedVersion: 3
    m_TransformParent: {fileID: 0}
    m_Modifications:
    - target: {fileID: -8679921383154817045, guid: 2a870752353da4fa5889f9b2f4e83611, type: 3}
      propertyPath: m_LocalPosition.x
      value: 0.67871594
      objectReference: {fileID: 0}
    - target: {fileID: -8679921383154817045, guid: 2a870752353da4fa5889f9b2f4e83611, type: 3}
      propertyPath: m_LocalPosition.y
      value: 1.845379
      objectReference: {fileID: 0}
    - target: {fileID: -8679921383154817045, guid: 2a870752353da4fa5889f9b2f4e83611, type: 3}
      propertyPath: m_LocalPosition.z
      value: -1.75
      objectReference: {fileID: 0}
    - target: {fileID: -8679921383154817045, guid: 2a870752353da4fa5889f9b2f4e83611, type: 3}
      propertyPath: m_LocalRotation.w
      value: 0.7071068
      objectReference: {fileID: 0}
    - target: {fileID: -8679921383154817045, guid: 2a870752353da4fa5889f9b2f4e83611, type: 3}
      propertyPath: m_LocalRotation.x
      value: -0.7071067
      objectReference: {fileID: 0}
    - target: {fileID: -8679921383154817045, guid: 2a870752353da4fa5889f9b2f4e83611, type: 3}
      propertyPath: m_LocalRotation.y
      value: 0.000000053385072
      objectReference: {fileID: 0}
    - target: {fileID: -8679921383154817045, guid: 2a870752353da4fa5889f9b2f4e83611, type: 3}
      propertyPath: m_LocalRotation.z
      value: -0.00000005338508
      objectReference: {fileID: 0}
    - target: {fileID: -8679921383154817045, guid: 2a870752353da4fa5889f9b2f4e83611, type: 3}
      propertyPath: m_LocalEulerAnglesHint.x
      value: 0
      objectReference: {fileID: 0}
    - target: {fileID: -8679921383154817045, guid: 2a870752353da4fa5889f9b2f4e83611, type: 3}
      propertyPath: m_LocalEulerAnglesHint.y
      value: 0
      objectReference: {fileID: 0}
    - target: {fileID: -8679921383154817045, guid: 2a870752353da4fa5889f9b2f4e83611, type: 3}
      propertyPath: m_LocalEulerAnglesHint.z
      value: 0
      objectReference: {fileID: 0}
    - target: {fileID: -7579103995338469470, guid: 2a870752353da4fa5889f9b2f4e83611, type: 3}
      propertyPath: m_IsActive
      value: 1
      objectReference: {fileID: 0}
    - target: {fileID: -2426692775906095917, guid: 2a870752353da4fa5889f9b2f4e83611, type: 3}
      propertyPath: m_IsActive
      value: 1
      objectReference: {fileID: 0}
    - target: {fileID: -783856216362376153, guid: 2a870752353da4fa5889f9b2f4e83611, type: 3}
      propertyPath: m_IsActive
      value: 1
      objectReference: {fileID: 0}
    - target: {fileID: 919132149155446097, guid: 2a870752353da4fa5889f9b2f4e83611, type: 3}
      propertyPath: m_Name
      value: dr_chopper
      objectReference: {fileID: 0}
    - target: {fileID: 2630750168556148721, guid: 2a870752353da4fa5889f9b2f4e83611, type: 3}
      propertyPath: m_IsActive
      value: 1
      objectReference: {fileID: 0}
    - target: {fileID: 3112389091358984527, guid: 2a870752353da4fa5889f9b2f4e83611, type: 3}
      propertyPath: m_IsActive
      value: 1
      objectReference: {fileID: 0}
    - target: {fileID: 5114470226137966834, guid: 2a870752353da4fa5889f9b2f4e83611, type: 3}
      propertyPath: m_IsActive
      value: 1
      objectReference: {fileID: 0}
    m_RemovedComponents: []
    m_RemovedGameObjects: []
    m_AddedGameObjects:
    - targetCorrespondingSourceObject: {fileID: -8679921383154817045, guid: 2a870752353da4fa5889f9b2f4e83611, type: 3}
      insertIndex: -1
      addedObject: {fileID: 925433665}
    m_AddedComponents:
    - targetCorrespondingSourceObject: {fileID: 919132149155446097, guid: 2a870752353da4fa5889f9b2f4e83611, type: 3}
      insertIndex: -1
      addedObject: {fileID: 897373308}
    - targetCorrespondingSourceObject: {fileID: 919132149155446097, guid: 2a870752353da4fa5889f9b2f4e83611, type: 3}
      insertIndex: -1
      addedObject: {fileID: 897373307}
    - targetCorrespondingSourceObject: {fileID: 919132149155446097, guid: 2a870752353da4fa5889f9b2f4e83611, type: 3}
      insertIndex: -1
      addedObject: {fileID: 897373306}
  m_SourcePrefab: {fileID: 100100000, guid: 2a870752353da4fa5889f9b2f4e83611, type: 3}
--- !u!1 &897373266 stripped
GameObject:
  m_CorrespondingSourceObject: {fileID: 919132149155446097, guid: 2a870752353da4fa5889f9b2f4e83611, type: 3}
  m_PrefabInstance: {fileID: 897373265}
  m_PrefabAsset: {fileID: 0}
--- !u!4 &897373267 stripped
Transform:
  m_CorrespondingSourceObject: {fileID: -6432195738339772063, guid: 2a870752353da4fa5889f9b2f4e83611, type: 3}
  m_PrefabInstance: {fileID: 897373265}
  m_PrefabAsset: {fileID: 0}
--- !u!4 &897373268 stripped
Transform:
  m_CorrespondingSourceObject: {fileID: 4250572344705092871, guid: 2a870752353da4fa5889f9b2f4e83611, type: 3}
  m_PrefabInstance: {fileID: 897373265}
  m_PrefabAsset: {fileID: 0}
--- !u!4 &897373269 stripped
Transform:
  m_CorrespondingSourceObject: {fileID: -8341500087264504060, guid: 2a870752353da4fa5889f9b2f4e83611, type: 3}
  m_PrefabInstance: {fileID: 897373265}
  m_PrefabAsset: {fileID: 0}
--- !u!4 &897373270 stripped
Transform:
  m_CorrespondingSourceObject: {fileID: -5760892619314559128, guid: 2a870752353da4fa5889f9b2f4e83611, type: 3}
  m_PrefabInstance: {fileID: 897373265}
  m_PrefabAsset: {fileID: 0}
--- !u!4 &897373271 stripped
Transform:
  m_CorrespondingSourceObject: {fileID: 7154449913436535418, guid: 2a870752353da4fa5889f9b2f4e83611, type: 3}
  m_PrefabInstance: {fileID: 897373265}
  m_PrefabAsset: {fileID: 0}
--- !u!4 &897373272 stripped
Transform:
  m_CorrespondingSourceObject: {fileID: -7005299452242375541, guid: 2a870752353da4fa5889f9b2f4e83611, type: 3}
  m_PrefabInstance: {fileID: 897373265}
  m_PrefabAsset: {fileID: 0}
--- !u!4 &897373273 stripped
Transform:
  m_CorrespondingSourceObject: {fileID: 3286797095316544270, guid: 2a870752353da4fa5889f9b2f4e83611, type: 3}
  m_PrefabInstance: {fileID: 897373265}
  m_PrefabAsset: {fileID: 0}
--- !u!4 &897373274 stripped
Transform:
  m_CorrespondingSourceObject: {fileID: 4701471283152203248, guid: 2a870752353da4fa5889f9b2f4e83611, type: 3}
  m_PrefabInstance: {fileID: 897373265}
  m_PrefabAsset: {fileID: 0}
--- !u!4 &897373275 stripped
Transform:
  m_CorrespondingSourceObject: {fileID: 6662588368609179398, guid: 2a870752353da4fa5889f9b2f4e83611, type: 3}
  m_PrefabInstance: {fileID: 897373265}
  m_PrefabAsset: {fileID: 0}
--- !u!4 &897373276 stripped
Transform:
  m_CorrespondingSourceObject: {fileID: -6581996117722830426, guid: 2a870752353da4fa5889f9b2f4e83611, type: 3}
  m_PrefabInstance: {fileID: 897373265}
  m_PrefabAsset: {fileID: 0}
--- !u!4 &897373277 stripped
Transform:
  m_CorrespondingSourceObject: {fileID: -764883204454112178, guid: 2a870752353da4fa5889f9b2f4e83611, type: 3}
  m_PrefabInstance: {fileID: 897373265}
  m_PrefabAsset: {fileID: 0}
--- !u!4 &897373278 stripped
Transform:
  m_CorrespondingSourceObject: {fileID: 562627030662677344, guid: 2a870752353da4fa5889f9b2f4e83611, type: 3}
  m_PrefabInstance: {fileID: 897373265}
  m_PrefabAsset: {fileID: 0}
--- !u!4 &897373279 stripped
Transform:
  m_CorrespondingSourceObject: {fileID: -7956429523816660644, guid: 2a870752353da4fa5889f9b2f4e83611, type: 3}
  m_PrefabInstance: {fileID: 897373265}
  m_PrefabAsset: {fileID: 0}
--- !u!4 &897373280 stripped
Transform:
  m_CorrespondingSourceObject: {fileID: 7638552544950086781, guid: 2a870752353da4fa5889f9b2f4e83611, type: 3}
  m_PrefabInstance: {fileID: 897373265}
  m_PrefabAsset: {fileID: 0}
--- !u!4 &897373281 stripped
Transform:
  m_CorrespondingSourceObject: {fileID: -3436741408303660244, guid: 2a870752353da4fa5889f9b2f4e83611, type: 3}
  m_PrefabInstance: {fileID: 897373265}
  m_PrefabAsset: {fileID: 0}
--- !u!4 &897373282 stripped
Transform:
  m_CorrespondingSourceObject: {fileID: -1694074224984914413, guid: 2a870752353da4fa5889f9b2f4e83611, type: 3}
  m_PrefabInstance: {fileID: 897373265}
  m_PrefabAsset: {fileID: 0}
--- !u!4 &897373283 stripped
Transform:
  m_CorrespondingSourceObject: {fileID: -1652644895887203202, guid: 2a870752353da4fa5889f9b2f4e83611, type: 3}
  m_PrefabInstance: {fileID: 897373265}
  m_PrefabAsset: {fileID: 0}
--- !u!4 &897373284 stripped
Transform:
  m_CorrespondingSourceObject: {fileID: -7628127762305172558, guid: 2a870752353da4fa5889f9b2f4e83611, type: 3}
  m_PrefabInstance: {fileID: 897373265}
  m_PrefabAsset: {fileID: 0}
--- !u!4 &897373285 stripped
Transform:
  m_CorrespondingSourceObject: {fileID: -3011826066319508095, guid: 2a870752353da4fa5889f9b2f4e83611, type: 3}
  m_PrefabInstance: {fileID: 897373265}
  m_PrefabAsset: {fileID: 0}
--- !u!4 &897373286 stripped
Transform:
  m_CorrespondingSourceObject: {fileID: -6515304605183501043, guid: 2a870752353da4fa5889f9b2f4e83611, type: 3}
  m_PrefabInstance: {fileID: 897373265}
  m_PrefabAsset: {fileID: 0}
--- !u!4 &897373287 stripped
Transform:
  m_CorrespondingSourceObject: {fileID: -1455873228532173725, guid: 2a870752353da4fa5889f9b2f4e83611, type: 3}
  m_PrefabInstance: {fileID: 897373265}
  m_PrefabAsset: {fileID: 0}
--- !u!4 &897373288 stripped
Transform:
  m_CorrespondingSourceObject: {fileID: -3416771798810662442, guid: 2a870752353da4fa5889f9b2f4e83611, type: 3}
  m_PrefabInstance: {fileID: 897373265}
  m_PrefabAsset: {fileID: 0}
--- !u!4 &897373289 stripped
Transform:
  m_CorrespondingSourceObject: {fileID: 3085322858111512349, guid: 2a870752353da4fa5889f9b2f4e83611, type: 3}
  m_PrefabInstance: {fileID: 897373265}
  m_PrefabAsset: {fileID: 0}
--- !u!4 &897373290 stripped
Transform:
  m_CorrespondingSourceObject: {fileID: -7358340308215133333, guid: 2a870752353da4fa5889f9b2f4e83611, type: 3}
  m_PrefabInstance: {fileID: 897373265}
  m_PrefabAsset: {fileID: 0}
--- !u!4 &897373291 stripped
Transform:
  m_CorrespondingSourceObject: {fileID: 7247302190976720883, guid: 2a870752353da4fa5889f9b2f4e83611, type: 3}
  m_PrefabInstance: {fileID: 897373265}
  m_PrefabAsset: {fileID: 0}
--- !u!4 &897373292 stripped
Transform:
  m_CorrespondingSourceObject: {fileID: 550316296374381858, guid: 2a870752353da4fa5889f9b2f4e83611, type: 3}
  m_PrefabInstance: {fileID: 897373265}
  m_PrefabAsset: {fileID: 0}
--- !u!4 &897373293 stripped
Transform:
  m_CorrespondingSourceObject: {fileID: 5598745525485372528, guid: 2a870752353da4fa5889f9b2f4e83611, type: 3}
  m_PrefabInstance: {fileID: 897373265}
  m_PrefabAsset: {fileID: 0}
--- !u!4 &897373294 stripped
Transform:
  m_CorrespondingSourceObject: {fileID: 8874106284192569882, guid: 2a870752353da4fa5889f9b2f4e83611, type: 3}
  m_PrefabInstance: {fileID: 897373265}
  m_PrefabAsset: {fileID: 0}
--- !u!4 &897373295 stripped
Transform:
  m_CorrespondingSourceObject: {fileID: -1382087857090372041, guid: 2a870752353da4fa5889f9b2f4e83611, type: 3}
  m_PrefabInstance: {fileID: 897373265}
  m_PrefabAsset: {fileID: 0}
--- !u!4 &897373296 stripped
Transform:
  m_CorrespondingSourceObject: {fileID: -7902881436278501955, guid: 2a870752353da4fa5889f9b2f4e83611, type: 3}
  m_PrefabInstance: {fileID: 897373265}
  m_PrefabAsset: {fileID: 0}
--- !u!4 &897373297 stripped
Transform:
  m_CorrespondingSourceObject: {fileID: 1869831689957267424, guid: 2a870752353da4fa5889f9b2f4e83611, type: 3}
  m_PrefabInstance: {fileID: 897373265}
  m_PrefabAsset: {fileID: 0}
--- !u!4 &897373298 stripped
Transform:
  m_CorrespondingSourceObject: {fileID: -3802549604035687599, guid: 2a870752353da4fa5889f9b2f4e83611, type: 3}
  m_PrefabInstance: {fileID: 897373265}
  m_PrefabAsset: {fileID: 0}
--- !u!4 &897373299 stripped
Transform:
  m_CorrespondingSourceObject: {fileID: 2300984308690410674, guid: 2a870752353da4fa5889f9b2f4e83611, type: 3}
  m_PrefabInstance: {fileID: 897373265}
  m_PrefabAsset: {fileID: 0}
--- !u!4 &897373300 stripped
Transform:
  m_CorrespondingSourceObject: {fileID: 2018961099095827505, guid: 2a870752353da4fa5889f9b2f4e83611, type: 3}
  m_PrefabInstance: {fileID: 897373265}
  m_PrefabAsset: {fileID: 0}
--- !u!4 &897373301 stripped
Transform:
  m_CorrespondingSourceObject: {fileID: 8444722680200907893, guid: 2a870752353da4fa5889f9b2f4e83611, type: 3}
  m_PrefabInstance: {fileID: 897373265}
  m_PrefabAsset: {fileID: 0}
--- !u!4 &897373302 stripped
Transform:
  m_CorrespondingSourceObject: {fileID: -8316650847683534182, guid: 2a870752353da4fa5889f9b2f4e83611, type: 3}
  m_PrefabInstance: {fileID: 897373265}
  m_PrefabAsset: {fileID: 0}
--- !u!4 &897373303 stripped
Transform:
  m_CorrespondingSourceObject: {fileID: -5900445915898616134, guid: 2a870752353da4fa5889f9b2f4e83611, type: 3}
  m_PrefabInstance: {fileID: 897373265}
  m_PrefabAsset: {fileID: 0}
--- !u!4 &897373304 stripped
Transform:
  m_CorrespondingSourceObject: {fileID: 3196138216412401344, guid: 2a870752353da4fa5889f9b2f4e83611, type: 3}
  m_PrefabInstance: {fileID: 897373265}
  m_PrefabAsset: {fileID: 0}
--- !u!4 &897373305 stripped
Transform:
  m_CorrespondingSourceObject: {fileID: -8679921383154817045, guid: 2a870752353da4fa5889f9b2f4e83611, type: 3}
  m_PrefabInstance: {fileID: 897373265}
  m_PrefabAsset: {fileID: 0}
--- !u!114 &897373306
MonoBehaviour:
  m_ObjectHideFlags: 0
  m_CorrespondingSourceObject: {fileID: 0}
  m_PrefabInstance: {fileID: 0}
  m_PrefabAsset: {fileID: 0}
  m_GameObject: {fileID: 897373266}
  m_Enabled: 1
  m_EditorHideFlags: 0
  m_Script: {fileID: 11500000, guid: fff0960ef4ea6e04eac66b4a7fd2189d, type: 3}
  m_Name: 
  m_EditorClassIdentifier: 
  m_RigLayers:
  - m_Rig: {fileID: 925433664}
    m_Active: 1
  m_Effectors:
  - m_Transform: {fileID: 897373305}
    m_Style:
      shape: {fileID: 4300000, guid: c6793350c150f456688e39a81f97364a, type: 2}
      color: {r: 1, g: 0, b: 0, a: 0.5}
      size: 0.1
      position: {x: 0, y: 0, z: 0}
      rotation: {x: 0, y: 0, z: 0}
    m_Visible: 1
--- !u!95 &897373307
Animator:
  serializedVersion: 5
  m_ObjectHideFlags: 0
  m_CorrespondingSourceObject: {fileID: 0}
  m_PrefabInstance: {fileID: 0}
  m_PrefabAsset: {fileID: 0}
  m_GameObject: {fileID: 897373266}
  m_Enabled: 1
  m_Avatar: {fileID: 0}
  m_Controller: {fileID: 0}
  m_CullingMode: 0
  m_UpdateMode: 0
  m_ApplyRootMotion: 0
  m_LinearVelocityBlending: 0
  m_StabilizeFeet: 0
  m_WarningMessage: 
  m_HasTransformHierarchy: 1
  m_AllowConstantClipSamplingOptimization: 1
  m_KeepAnimatorStateOnDisable: 0
  m_WriteDefaultValuesOnDisable: 0
--- !u!114 &897373308
MonoBehaviour:
  m_ObjectHideFlags: 0
  m_CorrespondingSourceObject: {fileID: 0}
  m_PrefabInstance: {fileID: 0}
  m_PrefabAsset: {fileID: 0}
  m_GameObject: {fileID: 897373266}
  m_Enabled: 1
  m_EditorHideFlags: 0
  m_Script: {fileID: 11500000, guid: b2d8418b0b9634b1892b0268dd9c2743, type: 3}
  m_Name: 
  m_EditorClassIdentifier: 
  boneShape: 2
  drawBones: 1
  drawTripods: 0
  boneSize: 1
  tripodSize: 1
  boneColor: {r: 0, g: 0, b: 1, a: 0.5}
  m_Transforms:
  - {fileID: 897373305}
  - {fileID: 897373304}
  - {fileID: 897373303}
  - {fileID: 897373302}
  - {fileID: 897373301}
  - {fileID: 897373300}
  - {fileID: 897373299}
  - {fileID: 897373298}
  - {fileID: 897373297}
  - {fileID: 897373296}
  - {fileID: 897373295}
  - {fileID: 897373294}
  - {fileID: 897373293}
  - {fileID: 897373292}
  - {fileID: 897373291}
  - {fileID: 897373290}
  - {fileID: 897373289}
  - {fileID: 897373288}
  - {fileID: 897373287}
  - {fileID: 897373286}
  - {fileID: 897373285}
  - {fileID: 897373284}
  - {fileID: 897373283}
  - {fileID: 897373282}
  - {fileID: 897373281}
  - {fileID: 897373280}
  - {fileID: 897373279}
  - {fileID: 897373278}
  - {fileID: 897373277}
  - {fileID: 897373276}
  - {fileID: 897373275}
  - {fileID: 897373274}
  - {fileID: 897373273}
  - {fileID: 897373272}
  - {fileID: 897373271}
  - {fileID: 897373270}
  - {fileID: 897373269}
  - {fileID: 897373268}
  - {fileID: 897373267}
--- !u!1 &913265635
GameObject:
  m_ObjectHideFlags: 0
  m_CorrespondingSourceObject: {fileID: 0}
  m_PrefabInstance: {fileID: 0}
  m_PrefabAsset: {fileID: 0}
  serializedVersion: 6
  m_Component:
  - component: {fileID: 913265636}
  m_Layer: 0
  m_Name: leftLeg_hint
  m_TagString: Untagged
  m_Icon: {fileID: 0}
  m_NavMeshLayer: 0
  m_StaticEditorFlags: 0
  m_IsActive: 1
--- !u!4 &913265636
Transform:
  m_ObjectHideFlags: 0
  m_CorrespondingSourceObject: {fileID: 0}
  m_PrefabInstance: {fileID: 0}
  m_PrefabAsset: {fileID: 0}
  m_GameObject: {fileID: 913265635}
  serializedVersion: 2
  m_LocalRotation: {x: -0, y: -0, z: -0, w: 1}
  m_LocalPosition: {x: -0.2766745, y: 0.9865571, z: -1.7872498}
  m_LocalScale: {x: 0.1, y: 0.09999999, z: 0.09999999}
  m_ConstrainProportionsScale: 0
  m_Children: []
  m_Father: {fileID: 1903016305}
  m_LocalEulerAnglesHint: {x: 0, y: 0, z: 0}
--- !u!1 &925433663
GameObject:
  m_ObjectHideFlags: 0
  m_CorrespondingSourceObject: {fileID: 0}
  m_PrefabInstance: {fileID: 0}
  m_PrefabAsset: {fileID: 0}
  serializedVersion: 6
  m_Component:
  - component: {fileID: 925433665}
  - component: {fileID: 925433664}
  m_Layer: 0
  m_Name: Rig 1
  m_TagString: Untagged
  m_Icon: {fileID: 0}
  m_NavMeshLayer: 0
  m_StaticEditorFlags: 0
  m_IsActive: 1
--- !u!114 &925433664
MonoBehaviour:
  m_ObjectHideFlags: 0
  m_CorrespondingSourceObject: {fileID: 0}
  m_PrefabInstance: {fileID: 0}
  m_PrefabAsset: {fileID: 0}
  m_GameObject: {fileID: 925433663}
  m_Enabled: 1
  m_EditorHideFlags: 0
  m_Script: {fileID: 11500000, guid: 70b342d8ce5c2fd48b8fa3147d48d1d1, type: 3}
  m_Name: 
  m_EditorClassIdentifier: 
  m_Weight: 1
  m_Effectors:
  - m_Transform: {fileID: 146967373}
    m_Style:
      shape: {fileID: 4300000, guid: 687b70eb9c49243639f9379f6965034f, type: 2}
      color: {r: 1, g: 0, b: 0, a: 0.5}
      size: 0.1
      position: {x: 0, y: 0, z: 0}
      rotation: {x: 0, y: 0, z: 0}
    m_Visible: 1
  - m_Transform: {fileID: 913265636}
    m_Style:
      shape: {fileID: 4300000, guid: e050c2b16fe384bd994474655a4b4968, type: 2}
      color: {r: 1, g: 0, b: 0, a: 0.5}
      size: 0.1
      position: {x: 0, y: 0, z: 0}
      rotation: {x: 0, y: 0, z: 0}
    m_Visible: 1
  - m_Transform: {fileID: 1224854109}
    m_Style:
      shape: {fileID: 4300000, guid: 687b70eb9c49243639f9379f6965034f, type: 2}
      color: {r: 1, g: 0, b: 0, a: 0.5}
      size: 0.1
      position: {x: 0, y: 0, z: 0}
      rotation: {x: 0, y: 0, z: 0}
    m_Visible: 1
  - m_Transform: {fileID: 926081112}
    m_Style:
      shape: {fileID: 4300000, guid: e050c2b16fe384bd994474655a4b4968, type: 2}
      color: {r: 1, g: 0, b: 0, a: 0.5}
      size: 0.1
      position: {x: 0, y: 0, z: 0}
      rotation: {x: 0, y: 0, z: 0}
    m_Visible: 1
  - m_Transform: {fileID: 1501272883}
    m_Style:
      shape: {fileID: 4300000, guid: 687b70eb9c49243639f9379f6965034f, type: 2}
      color: {r: 1, g: 0, b: 0, a: 0.5}
      size: 0.1
      position: {x: 0, y: 0, z: 0}
      rotation: {x: 0, y: 0, z: 0}
    m_Visible: 1
  - m_Transform: {fileID: 731405025}
    m_Style:
      shape: {fileID: 4300000, guid: e050c2b16fe384bd994474655a4b4968, type: 2}
      color: {r: 1, g: 0, b: 0, a: 0.5}
      size: 0.1
      position: {x: 0, y: 0, z: 0}
      rotation: {x: 0, y: 0, z: 0}
    m_Visible: 1
  - m_Transform: {fileID: 2132518294}
    m_Style:
      shape: {fileID: 4300000, guid: 687b70eb9c49243639f9379f6965034f, type: 2}
      color: {r: 1, g: 0, b: 0, a: 0.5}
      size: 0.1
      position: {x: 0, y: 0, z: 0}
      rotation: {x: 0, y: 0, z: 0}
    m_Visible: 1
  - m_Transform: {fileID: 1094688927}
    m_Style:
      shape: {fileID: 4300000, guid: e050c2b16fe384bd994474655a4b4968, type: 2}
      color: {r: 1, g: 0, b: 0, a: 0.5}
      size: 0.1
      position: {x: 0, y: 0, z: 0}
      rotation: {x: 0, y: 0, z: 0}
    m_Visible: 1
  - m_Transform: {fileID: 146967373}
    m_Style:
      shape: {fileID: 4300000, guid: 687b70eb9c49243639f9379f6965034f, type: 2}
      color: {r: 1, g: 0, b: 0, a: 0.5}
      size: 0.1
      position: {x: 0, y: 0, z: 0}
      rotation: {x: 0, y: 0, z: 0}
    m_Visible: 1
  - m_Transform: {fileID: 913265636}
    m_Style:
      shape: {fileID: 4300000, guid: e050c2b16fe384bd994474655a4b4968, type: 2}
      color: {r: 1, g: 0, b: 0, a: 0.5}
      size: 0.1
      position: {x: 0, y: 0, z: 0}
      rotation: {x: 0, y: 0, z: 0}
    m_Visible: 1
  - m_Transform: {fileID: 1224854109}
    m_Style:
      shape: {fileID: 4300000, guid: 687b70eb9c49243639f9379f6965034f, type: 2}
      color: {r: 1, g: 0, b: 0, a: 0.5}
      size: 0.1
      position: {x: 0, y: 0, z: 0}
      rotation: {x: 0, y: 0, z: 0}
    m_Visible: 1
  - m_Transform: {fileID: 926081112}
    m_Style:
      shape: {fileID: 4300000, guid: e050c2b16fe384bd994474655a4b4968, type: 2}
      color: {r: 1, g: 0, b: 0, a: 0.5}
      size: 0.1
      position: {x: 0, y: 0, z: 0}
      rotation: {x: 0, y: 0, z: 0}
    m_Visible: 1
--- !u!4 &925433665
Transform:
  m_ObjectHideFlags: 0
  m_CorrespondingSourceObject: {fileID: 0}
  m_PrefabInstance: {fileID: 0}
  m_PrefabAsset: {fileID: 0}
  m_GameObject: {fileID: 925433663}
  serializedVersion: 2
  m_LocalRotation: {x: 0.7071067, y: -0.000000053385072, z: 0.00000005338508, w: 0.7071068}
  m_LocalPosition: {x: -0.01051909, y: -0.027699744, z: -0.028600646}
  m_LocalScale: {x: 0.015498524, y: 0.015498527, z: 0.015498527}
  m_ConstrainProportionsScale: 0
  m_Children:
  - {fileID: 1903016305}
  - {fileID: 1706536345}
  - {fileID: 1087646853}
  - {fileID: 888770936}
  m_Father: {fileID: 897373305}
  m_LocalEulerAnglesHint: {x: 0, y: 0, z: 0}
--- !u!1 &926081111
GameObject:
  m_ObjectHideFlags: 0
  m_CorrespondingSourceObject: {fileID: 0}
  m_PrefabInstance: {fileID: 0}
  m_PrefabAsset: {fileID: 0}
  serializedVersion: 6
  m_Component:
  - component: {fileID: 926081112}
  m_Layer: 0
  m_Name: rightLeg_hint
  m_TagString: Untagged
  m_Icon: {fileID: 0}
  m_NavMeshLayer: 0
  m_StaticEditorFlags: 0
  m_IsActive: 1
--- !u!4 &926081112
Transform:
  m_ObjectHideFlags: 0
  m_CorrespondingSourceObject: {fileID: 0}
  m_PrefabInstance: {fileID: 0}
  m_PrefabAsset: {fileID: 0}
  m_GameObject: {fileID: 926081111}
  serializedVersion: 2
  m_LocalRotation: {x: -0, y: -0, z: -0, w: 1}
  m_LocalPosition: {x: 1.6943967, y: 1.0271642, z: -1.78725}
  m_LocalScale: {x: 0.1, y: 0.09999999, z: 0.09999999}
  m_ConstrainProportionsScale: 0
  m_Children: []
  m_Father: {fileID: 1706536345}
  m_LocalEulerAnglesHint: {x: 0, y: 0, z: 0}
--- !u!4 &1035879734 stripped
Transform:
  m_CorrespondingSourceObject: {fileID: 4306643203051859313, guid: a87fdae98069d42da9ad114f0c7ee80e, type: 3}
  m_PrefabInstance: {fileID: 587415436}
  m_PrefabAsset: {fileID: 0}
--- !u!1 &1087646852
GameObject:
  m_ObjectHideFlags: 0
  m_CorrespondingSourceObject: {fileID: 0}
  m_PrefabInstance: {fileID: 0}
  m_PrefabAsset: {fileID: 0}
  serializedVersion: 6
  m_Component:
  - component: {fileID: 1087646853}
  - component: {fileID: 1087646854}
  m_Layer: 0
  m_Name: leftArm
  m_TagString: Untagged
  m_Icon: {fileID: 0}
  m_NavMeshLayer: 0
  m_StaticEditorFlags: 0
  m_IsActive: 1
--- !u!4 &1087646853
Transform:
  m_ObjectHideFlags: 0
  m_CorrespondingSourceObject: {fileID: 0}
  m_PrefabInstance: {fileID: 0}
  m_PrefabAsset: {fileID: 0}
  m_GameObject: {fileID: 1087646852}
  serializedVersion: 2
  m_LocalRotation: {x: 0, y: 0, z: 0, w: 1}
  m_LocalPosition: {x: 0, y: 0, z: 0}
  m_LocalScale: {x: 1, y: 1, z: 1}
  m_ConstrainProportionsScale: 0
  m_Children:
  - {fileID: 1501272883}
  - {fileID: 731405025}
  m_Father: {fileID: 925433665}
  m_LocalEulerAnglesHint: {x: 0, y: 0, z: 0}
--- !u!114 &1087646854
MonoBehaviour:
  m_ObjectHideFlags: 0
  m_CorrespondingSourceObject: {fileID: 0}
  m_PrefabInstance: {fileID: 0}
  m_PrefabAsset: {fileID: 0}
  m_GameObject: {fileID: 1087646852}
  m_Enabled: 1
  m_EditorHideFlags: 0
  m_Script: {fileID: 11500000, guid: aeda7bfbf984f2a4da5ab4b8967b115d, type: 3}
  m_Name: 
  m_EditorClassIdentifier: 
  m_Weight: 1
  m_Data:
    m_Root: {fileID: 897373291}
    m_Mid: {fileID: 897373290}
    m_Tip: {fileID: 897373288}
    m_Target: {fileID: 1501272883}
    m_Hint: {fileID: 731405025}
    m_TargetPositionWeight: 1
    m_TargetRotationWeight: 1
    m_HintWeight: 1
    m_MaintainTargetPositionOffset: 0
    m_MaintainTargetRotationOffset: 0
--- !u!1 &1094688926
GameObject:
  m_ObjectHideFlags: 0
  m_CorrespondingSourceObject: {fileID: 0}
  m_PrefabInstance: {fileID: 0}
  m_PrefabAsset: {fileID: 0}
  serializedVersion: 6
  m_Component:
  - component: {fileID: 1094688927}
  m_Layer: 0
  m_Name: rightArm_hint
  m_TagString: Untagged
  m_Icon: {fileID: 0}
  m_NavMeshLayer: 0
  m_StaticEditorFlags: 0
  m_IsActive: 1
--- !u!4 &1094688927
Transform:
  m_ObjectHideFlags: 0
  m_CorrespondingSourceObject: {fileID: 0}
  m_PrefabInstance: {fileID: 0}
  m_PrefabAsset: {fileID: 0}
  m_GameObject: {fileID: 1094688926}
  serializedVersion: 2
  m_LocalRotation: {x: -0, y: -0, z: -0, w: 1}
  m_LocalPosition: {x: -0.20497698, y: 1.9099815, z: -1.7872498}
  m_LocalScale: {x: 0.1, y: 0.09999999, z: 0.09999999}
  m_ConstrainProportionsScale: 0
  m_Children: []
  m_Father: {fileID: 888770936}
  m_LocalEulerAnglesHint: {x: 0, y: 0, z: 0}
--- !u!1 &1141641174
GameObject:
  m_ObjectHideFlags: 0
  m_CorrespondingSourceObject: {fileID: 0}
  m_PrefabInstance: {fileID: 0}
  m_PrefabAsset: {fileID: 0}
  serializedVersion: 6
  m_Component:
  - component: {fileID: 1141641176}
  - component: {fileID: 1141641175}
  m_Layer: 0
  m_Name: Directional Light
  m_TagString: Untagged
  m_Icon: {fileID: 0}
  m_NavMeshLayer: 0
  m_StaticEditorFlags: 0
  m_IsActive: 1
--- !u!108 &1141641175
Light:
  m_ObjectHideFlags: 0
  m_CorrespondingSourceObject: {fileID: 0}
  m_PrefabInstance: {fileID: 0}
  m_PrefabAsset: {fileID: 0}
  m_GameObject: {fileID: 1141641174}
  m_Enabled: 1
  serializedVersion: 10
  m_Type: 1
  m_Shape: 0
  m_Color: {r: 1, g: 0.95686275, b: 0.8392157, a: 1}
  m_Intensity: 1
  m_Range: 10
  m_SpotAngle: 30
  m_InnerSpotAngle: 21.80208
  m_CookieSize: 10
  m_Shadows:
    m_Type: 2
    m_Resolution: -1
    m_CustomResolution: -1
    m_Strength: 1
    m_Bias: 0.05
    m_NormalBias: 0.4
    m_NearPlane: 0.2
    m_CullingMatrixOverride:
      e00: 1
      e01: 0
      e02: 0
      e03: 0
      e10: 0
      e11: 1
      e12: 0
      e13: 0
      e20: 0
      e21: 0
      e22: 1
      e23: 0
      e30: 0
      e31: 0
      e32: 0
      e33: 1
    m_UseCullingMatrixOverride: 0
  m_Cookie: {fileID: 0}
  m_DrawHalo: 0
  m_Flare: {fileID: 0}
  m_RenderMode: 0
  m_CullingMask:
    serializedVersion: 2
    m_Bits: 4294967295
  m_RenderingLayerMask: 1
  m_Lightmapping: 4
  m_LightShadowCasterMode: 0
  m_AreaSize: {x: 1, y: 1}
  m_BounceIntensity: 1
  m_ColorTemperature: 6570
  m_UseColorTemperature: 0
  m_BoundingSphereOverride: {x: 0, y: 0, z: 0, w: 0}
  m_UseBoundingSphereOverride: 0
  m_UseViewFrustumForShadowCasterCull: 1
  m_ShadowRadius: 0
  m_ShadowAngle: 0
--- !u!4 &1141641176
Transform:
  m_ObjectHideFlags: 0
  m_CorrespondingSourceObject: {fileID: 0}
  m_PrefabInstance: {fileID: 0}
  m_PrefabAsset: {fileID: 0}
  m_GameObject: {fileID: 1141641174}
  serializedVersion: 2
  m_LocalRotation: {x: 0.40821788, y: -0.23456968, z: 0.10938163, w: 0.8754261}
  m_LocalPosition: {x: 0, y: 3, z: 0}
  m_LocalScale: {x: 1, y: 1, z: 1}
  m_ConstrainProportionsScale: 0
  m_Children: []
  m_Father: {fileID: 0}
  m_LocalEulerAnglesHint: {x: 50, y: -30, z: 0}
--- !u!1 &1182230635
GameObject:
  m_ObjectHideFlags: 0
  m_CorrespondingSourceObject: {fileID: 0}
  m_PrefabInstance: {fileID: 0}
  m_PrefabAsset: {fileID: 0}
  serializedVersion: 6
  m_Component:
  - component: {fileID: 1182230636}
  m_Layer: 0
  m_Name: RightLegIK_hint
  m_TagString: Untagged
  m_Icon: {fileID: 0}
  m_NavMeshLayer: 0
  m_StaticEditorFlags: 0
  m_IsActive: 1
--- !u!4 &1182230636
Transform:
  m_ObjectHideFlags: 0
  m_CorrespondingSourceObject: {fileID: 0}
  m_PrefabInstance: {fileID: 0}
  m_PrefabAsset: {fileID: 0}
  m_GameObject: {fileID: 1182230635}
  serializedVersion: 2
  m_LocalRotation: {x: -0, y: -0, z: -0, w: 1}
  m_LocalPosition: {x: 3.0398664, y: 14.486023, z: -13.298992}
  m_LocalScale: {x: 0.1, y: 0.1, z: 0.1}
  m_ConstrainProportionsScale: 0
  m_Children: []
  m_Father: {fileID: 1888798085}
  m_LocalEulerAnglesHint: {x: 0, y: 0, z: 0}
--- !u!1 &1224854108
GameObject:
  m_ObjectHideFlags: 0
  m_CorrespondingSourceObject: {fileID: 0}
  m_PrefabInstance: {fileID: 0}
  m_PrefabAsset: {fileID: 0}
  serializedVersion: 6
  m_Component:
  - component: {fileID: 1224854109}
  - component: {fileID: 1224854110}
  m_Layer: 0
  m_Name: rightLeg_target
  m_TagString: Untagged
  m_Icon: {fileID: 0}
  m_NavMeshLayer: 0
  m_StaticEditorFlags: 0
  m_IsActive: 1
--- !u!4 &1224854109
Transform:
  m_ObjectHideFlags: 0
  m_CorrespondingSourceObject: {fileID: 0}
  m_PrefabInstance: {fileID: 0}
  m_PrefabAsset: {fileID: 0}
  m_GameObject: {fileID: 1224854108}
  serializedVersion: 2
  m_LocalRotation: {x: -0.70700854, y: -0.011878823, z: -0.70700544, w: 0.011879035}
  m_LocalPosition: {x: 0.9918903, y: 0.17292471, z: -1.7872502}
  m_LocalScale: {x: 0.1, y: 0.09999999, z: 0.09999999}
  m_ConstrainProportionsScale: 0
  m_Children: []
  m_Father: {fileID: 1706536345}
  m_LocalEulerAnglesHint: {x: 0, y: 0, z: 0}
--- !u!114 &1224854110
MonoBehaviour:
  m_ObjectHideFlags: 0
  m_CorrespondingSourceObject: {fileID: 0}
  m_PrefabInstance: {fileID: 0}
  m_PrefabAsset: {fileID: 0}
  m_GameObject: {fileID: 1224854108}
  m_Enabled: 1
  m_EditorHideFlags: 0
  m_Script: {fileID: 11500000, guid: cbbaf0a150dd145a7b72a6311300f521, type: 3}
  m_Name: 
  m_EditorClassIdentifier: 
  body: {fileID: 897373305}
  otherFoot: {fileID: 146967374}
  terrainLayer:
    serializedVersion: 2
    m_Bits: 1
--- !u!4 &1475682718 stripped
Transform:
  m_CorrespondingSourceObject: {fileID: -3542852092398272455, guid: a87fdae98069d42da9ad114f0c7ee80e, type: 3}
  m_PrefabInstance: {fileID: 587415436}
  m_PrefabAsset: {fileID: 0}
--- !u!4 &1481005894 stripped
Transform:
  m_CorrespondingSourceObject: {fileID: 4865064391339405807, guid: a87fdae98069d42da9ad114f0c7ee80e, type: 3}
  m_PrefabInstance: {fileID: 587415436}
  m_PrefabAsset: {fileID: 0}
--- !u!1 &1501272882
GameObject:
  m_ObjectHideFlags: 0
  m_CorrespondingSourceObject: {fileID: 0}
  m_PrefabInstance: {fileID: 0}
  m_PrefabAsset: {fileID: 0}
  serializedVersion: 6
  m_Component:
  - component: {fileID: 1501272883}
  - component: {fileID: 1501272884}
  m_Layer: 0
  m_Name: leftArm_target
  m_TagString: Untagged
  m_Icon: {fileID: 0}
  m_NavMeshLayer: 0
  m_StaticEditorFlags: 0
  m_IsActive: 1
--- !u!4 &1501272883
Transform:
  m_ObjectHideFlags: 0
  m_CorrespondingSourceObject: {fileID: 0}
  m_PrefabInstance: {fileID: 0}
  m_PrefabAsset: {fileID: 0}
  m_GameObject: {fileID: 1501272882}
  serializedVersion: 2
  m_LocalRotation: {x: -0.68084484, y: -0.19091953, z: -0.68084484, w: 0.19091988}
  m_LocalPosition: {x: 1.3100369, y: 0.8738399, z: -1.78725}
  m_LocalScale: {x: 0.1, y: 0.09999999, z: 0.09999999}
  m_ConstrainProportionsScale: 0
  m_Children: []
  m_Father: {fileID: 1087646853}
  m_LocalEulerAnglesHint: {x: 0, y: 0, z: 0}
--- !u!114 &1501272884
MonoBehaviour:
  m_ObjectHideFlags: 0
  m_CorrespondingSourceObject: {fileID: 0}
  m_PrefabInstance: {fileID: 0}
  m_PrefabAsset: {fileID: 0}
  m_GameObject: {fileID: 1501272882}
  m_Enabled: 0
  m_EditorHideFlags: 0
  m_Script: {fileID: 11500000, guid: cbbaf0a150dd145a7b72a6311300f521, type: 3}
  m_Name: 
  m_EditorClassIdentifier: 
  body: {fileID: 897373305}
  otherFoot: {fileID: 1224854110}
  terrainLayer:
    serializedVersion: 2
    m_Bits: 1
--- !u!1001 &1517687793
PrefabInstance:
  m_ObjectHideFlags: 0
  serializedVersion: 2
  m_Modification:
    serializedVersion: 3
    m_TransformParent: {fileID: 0}
    m_Modifications:
    - target: {fileID: -8679921383154817045, guid: c279b0a7a018f41efbb0c8aad54eca33, type: 3}
      propertyPath: m_LocalPosition.x
      value: -9.841179
      objectReference: {fileID: 0}
    - target: {fileID: -8679921383154817045, guid: c279b0a7a018f41efbb0c8aad54eca33, type: 3}
      propertyPath: m_LocalPosition.y
      value: 0.0000038146973
      objectReference: {fileID: 0}
    - target: {fileID: -8679921383154817045, guid: c279b0a7a018f41efbb0c8aad54eca33, type: 3}
      propertyPath: m_LocalPosition.z
      value: 85.1
      objectReference: {fileID: 0}
    - target: {fileID: -8679921383154817045, guid: c279b0a7a018f41efbb0c8aad54eca33, type: 3}
      propertyPath: m_LocalRotation.w
      value: 1
      objectReference: {fileID: 0}
    - target: {fileID: -8679921383154817045, guid: c279b0a7a018f41efbb0c8aad54eca33, type: 3}
      propertyPath: m_LocalRotation.x
      value: 0
      objectReference: {fileID: 0}
    - target: {fileID: -8679921383154817045, guid: c279b0a7a018f41efbb0c8aad54eca33, type: 3}
      propertyPath: m_LocalRotation.y
      value: 0
      objectReference: {fileID: 0}
    - target: {fileID: -8679921383154817045, guid: c279b0a7a018f41efbb0c8aad54eca33, type: 3}
      propertyPath: m_LocalRotation.z
      value: 0
      objectReference: {fileID: 0}
    - target: {fileID: -8679921383154817045, guid: c279b0a7a018f41efbb0c8aad54eca33, type: 3}
      propertyPath: m_LocalEulerAnglesHint.x
      value: 0
      objectReference: {fileID: 0}
    - target: {fileID: -8679921383154817045, guid: c279b0a7a018f41efbb0c8aad54eca33, type: 3}
      propertyPath: m_LocalEulerAnglesHint.y
      value: 0
      objectReference: {fileID: 0}
    - target: {fileID: -8679921383154817045, guid: c279b0a7a018f41efbb0c8aad54eca33, type: 3}
      propertyPath: m_LocalEulerAnglesHint.z
      value: 0
      objectReference: {fileID: 0}
    - target: {fileID: -2079718047735118052, guid: c279b0a7a018f41efbb0c8aad54eca33, type: 3}
      propertyPath: m_IsActive
      value: 1
      objectReference: {fileID: 0}
    - target: {fileID: -753885986720250563, guid: c279b0a7a018f41efbb0c8aad54eca33, type: 3}
      propertyPath: m_LocalPosition.x
      value: 0.010402679
      objectReference: {fileID: 0}
    - target: {fileID: -753885986720250563, guid: c279b0a7a018f41efbb0c8aad54eca33, type: 3}
      propertyPath: m_LocalPosition.y
      value: 0.0218606
      objectReference: {fileID: 0}
    - target: {fileID: -753885986720250563, guid: c279b0a7a018f41efbb0c8aad54eca33, type: 3}
      propertyPath: m_LocalRotation.w
      value: -0.000000089406974
      objectReference: {fileID: 0}
    - target: {fileID: -753885986720250563, guid: c279b0a7a018f41efbb0c8aad54eca33, type: 3}
      propertyPath: m_LocalRotation.x
      value: -0.2987416
      objectReference: {fileID: 0}
    - target: {fileID: -753885986720250563, guid: c279b0a7a018f41efbb0c8aad54eca33, type: 3}
      propertyPath: m_LocalRotation.y
      value: 0.9543341
      objectReference: {fileID: 0}
    - target: {fileID: -753885986720250563, guid: c279b0a7a018f41efbb0c8aad54eca33, type: 3}
      propertyPath: m_LocalRotation.z
      value: 0.00000005960465
      objectReference: {fileID: 0}
    - target: {fileID: -753885986720250563, guid: c279b0a7a018f41efbb0c8aad54eca33, type: 3}
      propertyPath: m_LocalEulerAnglesHint.y
      value: 180
      objectReference: {fileID: 0}
    - target: {fileID: -753885986720250563, guid: c279b0a7a018f41efbb0c8aad54eca33, type: 3}
      propertyPath: m_LocalEulerAnglesHint.z
      value: -34.764
      objectReference: {fileID: 0}
    - target: {fileID: 44727747862465337, guid: c279b0a7a018f41efbb0c8aad54eca33, type: 3}
      propertyPath: m_IsActive
      value: 1
      objectReference: {fileID: 0}
    - target: {fileID: 919132149155446097, guid: c279b0a7a018f41efbb0c8aad54eca33, type: 3}
      propertyPath: m_Name
      value: Model_Enemy_Walker
      objectReference: {fileID: 0}
    - target: {fileID: 919132149155446097, guid: c279b0a7a018f41efbb0c8aad54eca33, type: 3}
      propertyPath: m_IsActive
      value: 0
      objectReference: {fileID: 0}
    m_RemovedComponents: []
    m_RemovedGameObjects: []
    m_AddedGameObjects:
    - targetCorrespondingSourceObject: {fileID: -8679921383154817045, guid: c279b0a7a018f41efbb0c8aad54eca33, type: 3}
      insertIndex: -1
      addedObject: {fileID: 584281739}
    m_AddedComponents:
    - targetCorrespondingSourceObject: {fileID: 919132149155446097, guid: c279b0a7a018f41efbb0c8aad54eca33, type: 3}
      insertIndex: -1
      addedObject: {fileID: 1517687831}
    - targetCorrespondingSourceObject: {fileID: 919132149155446097, guid: c279b0a7a018f41efbb0c8aad54eca33, type: 3}
      insertIndex: -1
      addedObject: {fileID: 1517687830}
    - targetCorrespondingSourceObject: {fileID: 919132149155446097, guid: c279b0a7a018f41efbb0c8aad54eca33, type: 3}
      insertIndex: -1
      addedObject: {fileID: 1517687832}
  m_SourcePrefab: {fileID: 100100000, guid: c279b0a7a018f41efbb0c8aad54eca33, type: 3}
--- !u!1 &1517687794 stripped
GameObject:
  m_CorrespondingSourceObject: {fileID: 919132149155446097, guid: c279b0a7a018f41efbb0c8aad54eca33, type: 3}
  m_PrefabInstance: {fileID: 1517687793}
  m_PrefabAsset: {fileID: 0}
--- !u!4 &1517687798 stripped
Transform:
  m_CorrespondingSourceObject: {fileID: -7297609081858101173, guid: c279b0a7a018f41efbb0c8aad54eca33, type: 3}
  m_PrefabInstance: {fileID: 1517687793}
  m_PrefabAsset: {fileID: 0}
--- !u!4 &1517687799 stripped
Transform:
  m_CorrespondingSourceObject: {fileID: 7671164868955992675, guid: c279b0a7a018f41efbb0c8aad54eca33, type: 3}
  m_PrefabInstance: {fileID: 1517687793}
  m_PrefabAsset: {fileID: 0}
--- !u!4 &1517687800 stripped
Transform:
  m_CorrespondingSourceObject: {fileID: -2067440455238412854, guid: c279b0a7a018f41efbb0c8aad54eca33, type: 3}
  m_PrefabInstance: {fileID: 1517687793}
  m_PrefabAsset: {fileID: 0}
--- !u!4 &1517687801 stripped
Transform:
  m_CorrespondingSourceObject: {fileID: -6556775190307257214, guid: c279b0a7a018f41efbb0c8aad54eca33, type: 3}
  m_PrefabInstance: {fileID: 1517687793}
  m_PrefabAsset: {fileID: 0}
--- !u!4 &1517687802 stripped
Transform:
  m_CorrespondingSourceObject: {fileID: 8147638696297390120, guid: c279b0a7a018f41efbb0c8aad54eca33, type: 3}
  m_PrefabInstance: {fileID: 1517687793}
  m_PrefabAsset: {fileID: 0}
--- !u!4 &1517687803 stripped
Transform:
  m_CorrespondingSourceObject: {fileID: 2632949345639094593, guid: c279b0a7a018f41efbb0c8aad54eca33, type: 3}
  m_PrefabInstance: {fileID: 1517687793}
  m_PrefabAsset: {fileID: 0}
--- !u!4 &1517687804 stripped
Transform:
  m_CorrespondingSourceObject: {fileID: -5428180777108417786, guid: c279b0a7a018f41efbb0c8aad54eca33, type: 3}
  m_PrefabInstance: {fileID: 1517687793}
  m_PrefabAsset: {fileID: 0}
--- !u!4 &1517687805 stripped
Transform:
  m_CorrespondingSourceObject: {fileID: 2094109798913000925, guid: c279b0a7a018f41efbb0c8aad54eca33, type: 3}
  m_PrefabInstance: {fileID: 1517687793}
  m_PrefabAsset: {fileID: 0}
--- !u!4 &1517687807 stripped
Transform:
  m_CorrespondingSourceObject: {fileID: 6112588761412301789, guid: c279b0a7a018f41efbb0c8aad54eca33, type: 3}
  m_PrefabInstance: {fileID: 1517687793}
  m_PrefabAsset: {fileID: 0}
--- !u!4 &1517687808 stripped
Transform:
  m_CorrespondingSourceObject: {fileID: -2593045834873059672, guid: c279b0a7a018f41efbb0c8aad54eca33, type: 3}
  m_PrefabInstance: {fileID: 1517687793}
  m_PrefabAsset: {fileID: 0}
--- !u!4 &1517687810 stripped
Transform:
  m_CorrespondingSourceObject: {fileID: -130738544361443537, guid: c279b0a7a018f41efbb0c8aad54eca33, type: 3}
  m_PrefabInstance: {fileID: 1517687793}
  m_PrefabAsset: {fileID: 0}
--- !u!4 &1517687811 stripped
Transform:
  m_CorrespondingSourceObject: {fileID: -8401554641016320533, guid: c279b0a7a018f41efbb0c8aad54eca33, type: 3}
  m_PrefabInstance: {fileID: 1517687793}
  m_PrefabAsset: {fileID: 0}
--- !u!4 &1517687812 stripped
Transform:
  m_CorrespondingSourceObject: {fileID: 9214895569354767201, guid: c279b0a7a018f41efbb0c8aad54eca33, type: 3}
  m_PrefabInstance: {fileID: 1517687793}
  m_PrefabAsset: {fileID: 0}
--- !u!4 &1517687813 stripped
Transform:
  m_CorrespondingSourceObject: {fileID: -3092440224089255822, guid: c279b0a7a018f41efbb0c8aad54eca33, type: 3}
  m_PrefabInstance: {fileID: 1517687793}
  m_PrefabAsset: {fileID: 0}
--- !u!4 &1517687814 stripped
Transform:
  m_CorrespondingSourceObject: {fileID: -753885986720250563, guid: c279b0a7a018f41efbb0c8aad54eca33, type: 3}
  m_PrefabInstance: {fileID: 1517687793}
  m_PrefabAsset: {fileID: 0}
--- !u!4 &1517687816 stripped
Transform:
  m_CorrespondingSourceObject: {fileID: 7327338686198649624, guid: c279b0a7a018f41efbb0c8aad54eca33, type: 3}
  m_PrefabInstance: {fileID: 1517687793}
  m_PrefabAsset: {fileID: 0}
--- !u!4 &1517687817 stripped
Transform:
  m_CorrespondingSourceObject: {fileID: -6300232052267043674, guid: c279b0a7a018f41efbb0c8aad54eca33, type: 3}
  m_PrefabInstance: {fileID: 1517687793}
  m_PrefabAsset: {fileID: 0}
--- !u!4 &1517687819 stripped
Transform:
  m_CorrespondingSourceObject: {fileID: -5632928051392694470, guid: c279b0a7a018f41efbb0c8aad54eca33, type: 3}
  m_PrefabInstance: {fileID: 1517687793}
  m_PrefabAsset: {fileID: 0}
--- !u!4 &1517687820 stripped
Transform:
  m_CorrespondingSourceObject: {fileID: -793291115033408226, guid: c279b0a7a018f41efbb0c8aad54eca33, type: 3}
  m_PrefabInstance: {fileID: 1517687793}
  m_PrefabAsset: {fileID: 0}
--- !u!4 &1517687822 stripped
Transform:
  m_CorrespondingSourceObject: {fileID: -4713647792243810088, guid: c279b0a7a018f41efbb0c8aad54eca33, type: 3}
  m_PrefabInstance: {fileID: 1517687793}
  m_PrefabAsset: {fileID: 0}
--- !u!4 &1517687823 stripped
Transform:
  m_CorrespondingSourceObject: {fileID: -142096534591417932, guid: c279b0a7a018f41efbb0c8aad54eca33, type: 3}
  m_PrefabInstance: {fileID: 1517687793}
  m_PrefabAsset: {fileID: 0}
--- !u!4 &1517687824 stripped
Transform:
  m_CorrespondingSourceObject: {fileID: 4513379620046989723, guid: c279b0a7a018f41efbb0c8aad54eca33, type: 3}
  m_PrefabInstance: {fileID: 1517687793}
  m_PrefabAsset: {fileID: 0}
--- !u!4 &1517687825 stripped
Transform:
  m_CorrespondingSourceObject: {fileID: -3290564613217089839, guid: c279b0a7a018f41efbb0c8aad54eca33, type: 3}
  m_PrefabInstance: {fileID: 1517687793}
  m_PrefabAsset: {fileID: 0}
--- !u!4 &1517687826 stripped
Transform:
  m_CorrespondingSourceObject: {fileID: 123361166817536164, guid: c279b0a7a018f41efbb0c8aad54eca33, type: 3}
  m_PrefabInstance: {fileID: 1517687793}
  m_PrefabAsset: {fileID: 0}
--- !u!4 &1517687827 stripped
Transform:
  m_CorrespondingSourceObject: {fileID: 1997371324124627957, guid: c279b0a7a018f41efbb0c8aad54eca33, type: 3}
  m_PrefabInstance: {fileID: 1517687793}
  m_PrefabAsset: {fileID: 0}
--- !u!4 &1517687828 stripped
Transform:
  m_CorrespondingSourceObject: {fileID: -8679921383154817045, guid: c279b0a7a018f41efbb0c8aad54eca33, type: 3}
  m_PrefabInstance: {fileID: 1517687793}
  m_PrefabAsset: {fileID: 0}
--- !u!114 &1517687830
MonoBehaviour:
  m_ObjectHideFlags: 0
  m_CorrespondingSourceObject: {fileID: 0}
  m_PrefabInstance: {fileID: 0}
  m_PrefabAsset: {fileID: 0}
  m_GameObject: {fileID: 1517687794}
  m_Enabled: 1
  m_EditorHideFlags: 0
  m_Script: {fileID: 11500000, guid: fff0960ef4ea6e04eac66b4a7fd2189d, type: 3}
  m_Name: 
  m_EditorClassIdentifier: 
  m_RigLayers:
  - m_Rig: {fileID: 584281738}
    m_Active: 1
  m_Effectors: []
--- !u!95 &1517687831
Animator:
  serializedVersion: 5
  m_ObjectHideFlags: 0
  m_CorrespondingSourceObject: {fileID: 0}
  m_PrefabInstance: {fileID: 0}
  m_PrefabAsset: {fileID: 0}
  m_GameObject: {fileID: 1517687794}
  m_Enabled: 1
  m_Avatar: {fileID: 0}
  m_Controller: {fileID: 0}
  m_CullingMode: 0
  m_UpdateMode: 0
  m_ApplyRootMotion: 0
  m_LinearVelocityBlending: 0
  m_StabilizeFeet: 0
  m_WarningMessage: 
  m_HasTransformHierarchy: 1
  m_AllowConstantClipSamplingOptimization: 1
  m_KeepAnimatorStateOnDisable: 0
  m_WriteDefaultValuesOnDisable: 0
--- !u!114 &1517687832
MonoBehaviour:
  m_ObjectHideFlags: 0
  m_CorrespondingSourceObject: {fileID: 0}
  m_PrefabInstance: {fileID: 0}
  m_PrefabAsset: {fileID: 0}
  m_GameObject: {fileID: 1517687794}
  m_Enabled: 1
  m_EditorHideFlags: 0
  m_Script: {fileID: 11500000, guid: b2d8418b0b9634b1892b0268dd9c2743, type: 3}
  m_Name: 
  m_EditorClassIdentifier: 
  boneShape: 1
  drawBones: 1
  drawTripods: 0
  boneSize: 1
  tripodSize: 1
  boneColor: {r: 0, g: 0, b: 1, a: 0.5}
  m_Transforms:
  - {fileID: 1517687827}
  - {fileID: 1517687826}
  - {fileID: 1517687814}
  - {fileID: 1517687802}
  - {fileID: 1517687813}
  - {fileID: 1517687812}
  - {fileID: 1517687811}
  - {fileID: 1517687810}
  - {fileID: 1517687808}
  - {fileID: 1517687807}
  - {fileID: 1517687804}
  - {fileID: 1517687803}
  - {fileID: 1517687825}
  - {fileID: 1517687824}
  - {fileID: 1517687823}
  - {fileID: 1517687822}
  - {fileID: 1517687817}
  - {fileID: 1517687816}
  - {fileID: 1517687820}
  - {fileID: 1517687819}
  - {fileID: 1517687805}
  - {fileID: 1517687800}
  - {fileID: 1517687799}
  - {fileID: 1517687801}
  - {fileID: 1517687798}
--- !u!4 &1584523726 stripped
Transform:
  m_CorrespondingSourceObject: {fileID: -1255605710908113952, guid: a87fdae98069d42da9ad114f0c7ee80e, type: 3}
  m_PrefabInstance: {fileID: 587415436}
  m_PrefabAsset: {fileID: 0}
--- !u!1 &1647429629
GameObject:
  m_ObjectHideFlags: 0
  m_CorrespondingSourceObject: {fileID: 0}
  m_PrefabInstance: {fileID: 0}
  m_PrefabAsset: {fileID: 0}
  serializedVersion: 6
  m_Component:
  - component: {fileID: 1647429632}
  - component: {fileID: 1647429631}
  - component: {fileID: 1647429630}
  m_Layer: 0
  m_Name: Main Camera
  m_TagString: MainCamera
  m_Icon: {fileID: 0}
  m_NavMeshLayer: 0
  m_StaticEditorFlags: 0
  m_IsActive: 1
--- !u!81 &1647429630
AudioListener:
  m_ObjectHideFlags: 0
  m_CorrespondingSourceObject: {fileID: 0}
  m_PrefabInstance: {fileID: 0}
  m_PrefabAsset: {fileID: 0}
  m_GameObject: {fileID: 1647429629}
  m_Enabled: 1
--- !u!20 &1647429631
Camera:
  m_ObjectHideFlags: 0
  m_CorrespondingSourceObject: {fileID: 0}
  m_PrefabInstance: {fileID: 0}
  m_PrefabAsset: {fileID: 0}
  m_GameObject: {fileID: 1647429629}
  m_Enabled: 1
  serializedVersion: 2
  m_ClearFlags: 1
  m_BackGroundColor: {r: 0.19215687, g: 0.3019608, b: 0.4745098, a: 0}
  m_projectionMatrixMode: 1
  m_GateFitMode: 2
  m_FOVAxisMode: 0
  m_Iso: 200
  m_ShutterSpeed: 0.005
  m_Aperture: 16
  m_FocusDistance: 10
  m_FocalLength: 50
  m_BladeCount: 5
  m_Curvature: {x: 2, y: 11}
  m_BarrelClipping: 0.25
  m_Anamorphism: 0
  m_SensorSize: {x: 36, y: 24}
  m_LensShift: {x: 0, y: 0}
  m_NormalizedViewPortRect:
    serializedVersion: 2
    x: 0
    y: 0
    width: 1
    height: 1
  near clip plane: 0.3
  far clip plane: 1000
  field of view: 60
  orthographic: 0
  orthographic size: 5
  m_Depth: -1
  m_CullingMask:
    serializedVersion: 2
    m_Bits: 4294967295
  m_RenderingPath: -1
  m_TargetTexture: {fileID: 0}
  m_TargetDisplay: 0
  m_TargetEye: 3
  m_HDR: 1
  m_AllowMSAA: 1
  m_AllowDynamicResolution: 0
  m_ForceIntoRT: 0
  m_OcclusionCulling: 1
  m_StereoConvergence: 10
  m_StereoSeparation: 0.022
--- !u!4 &1647429632
Transform:
  m_ObjectHideFlags: 0
  m_CorrespondingSourceObject: {fileID: 0}
  m_PrefabInstance: {fileID: 0}
  m_PrefabAsset: {fileID: 0}
  m_GameObject: {fileID: 1647429629}
  serializedVersion: 2
  m_LocalRotation: {x: 0, y: 0, z: 0, w: 1}
  m_LocalPosition: {x: 0, y: 1, z: -10}
  m_LocalScale: {x: 1, y: 1, z: 1}
  m_ConstrainProportionsScale: 0
  m_Children: []
  m_Father: {fileID: 0}
  m_LocalEulerAnglesHint: {x: 0, y: 0, z: 0}
--- !u!1 &1706536344
GameObject:
  m_ObjectHideFlags: 0
  m_CorrespondingSourceObject: {fileID: 0}
  m_PrefabInstance: {fileID: 0}
  m_PrefabAsset: {fileID: 0}
  serializedVersion: 6
  m_Component:
  - component: {fileID: 1706536345}
  - component: {fileID: 1706536346}
  m_Layer: 0
  m_Name: rightLeg
  m_TagString: Untagged
  m_Icon: {fileID: 0}
  m_NavMeshLayer: 0
  m_StaticEditorFlags: 0
  m_IsActive: 1
--- !u!4 &1706536345
Transform:
  m_ObjectHideFlags: 0
  m_CorrespondingSourceObject: {fileID: 0}
  m_PrefabInstance: {fileID: 0}
  m_PrefabAsset: {fileID: 0}
  m_GameObject: {fileID: 1706536344}
  serializedVersion: 2
  m_LocalRotation: {x: 0, y: 0, z: 0, w: 1}
  m_LocalPosition: {x: 0, y: 0, z: 0}
  m_LocalScale: {x: 1, y: 1, z: 1}
  m_ConstrainProportionsScale: 0
  m_Children:
  - {fileID: 1224854109}
  - {fileID: 926081112}
  m_Father: {fileID: 925433665}
  m_LocalEulerAnglesHint: {x: 0, y: 0, z: 0}
--- !u!114 &1706536346
MonoBehaviour:
  m_ObjectHideFlags: 0
  m_CorrespondingSourceObject: {fileID: 0}
  m_PrefabInstance: {fileID: 0}
  m_PrefabAsset: {fileID: 0}
  m_GameObject: {fileID: 1706536344}
  m_Enabled: 1
  m_EditorHideFlags: 0
  m_Script: {fileID: 11500000, guid: aeda7bfbf984f2a4da5ab4b8967b115d, type: 3}
  m_Name: 
  m_EditorClassIdentifier: 
  m_Weight: 0.6
  m_Data:
    m_Root: {fileID: 897373279}
    m_Mid: {fileID: 897373278}
    m_Tip: {fileID: 897373277}
    m_Target: {fileID: 1224854109}
    m_Hint: {fileID: 926081112}
    m_TargetPositionWeight: 1
    m_TargetRotationWeight: 1
    m_HintWeight: 1
    m_MaintainTargetPositionOffset: 0
    m_MaintainTargetRotationOffset: 0
--- !u!1 &1888798084
GameObject:
  m_ObjectHideFlags: 0
  m_CorrespondingSourceObject: {fileID: 0}
  m_PrefabInstance: {fileID: 0}
  m_PrefabAsset: {fileID: 0}
  serializedVersion: 6
  m_Component:
  - component: {fileID: 1888798085}
  - component: {fileID: 1888798086}
  m_Layer: 0
  m_Name: RightLegIK
  m_TagString: Untagged
  m_Icon: {fileID: 0}
  m_NavMeshLayer: 0
  m_StaticEditorFlags: 0
  m_IsActive: 1
--- !u!4 &1888798085
Transform:
  m_ObjectHideFlags: 0
  m_CorrespondingSourceObject: {fileID: 0}
  m_PrefabInstance: {fileID: 0}
  m_PrefabAsset: {fileID: 0}
  m_GameObject: {fileID: 1888798084}
  serializedVersion: 2
  m_LocalRotation: {x: 0, y: 0, z: 0, w: 1}
  m_LocalPosition: {x: 0, y: 0, z: 0}
  m_LocalScale: {x: 1, y: 1, z: 1}
  m_ConstrainProportionsScale: 0
  m_Children:
  - {fileID: 2097771092}
  - {fileID: 1182230636}
  m_Father: {fileID: 584281739}
  m_LocalEulerAnglesHint: {x: 0, y: 0, z: 0}
--- !u!114 &1888798086
MonoBehaviour:
  m_ObjectHideFlags: 0
  m_CorrespondingSourceObject: {fileID: 0}
  m_PrefabInstance: {fileID: 0}
  m_PrefabAsset: {fileID: 0}
  m_GameObject: {fileID: 1888798084}
  m_Enabled: 1
  m_EditorHideFlags: 0
  m_Script: {fileID: 11500000, guid: aeda7bfbf984f2a4da5ab4b8967b115d, type: 3}
  m_Name: 
  m_EditorClassIdentifier: 
  m_Weight: 1
  m_Data:
    m_Root: {fileID: 1517687814}
    m_Mid: {fileID: 1517687813}
    m_Tip: {fileID: 1517687812}
    m_Target: {fileID: 2097771092}
    m_Hint: {fileID: 1182230636}
    m_TargetPositionWeight: 1
    m_TargetRotationWeight: 1
    m_HintWeight: 1
    m_MaintainTargetPositionOffset: 0
    m_MaintainTargetRotationOffset: 0
--- !u!1 &1903016304
GameObject:
  m_ObjectHideFlags: 0
  m_CorrespondingSourceObject: {fileID: 0}
  m_PrefabInstance: {fileID: 0}
  m_PrefabAsset: {fileID: 0}
  serializedVersion: 6
  m_Component:
  - component: {fileID: 1903016305}
  - component: {fileID: 1903016306}
  m_Layer: 0
  m_Name: leftLeg
  m_TagString: Untagged
  m_Icon: {fileID: 0}
  m_NavMeshLayer: 0
  m_StaticEditorFlags: 0
  m_IsActive: 1
--- !u!4 &1903016305
Transform:
  m_ObjectHideFlags: 0
  m_CorrespondingSourceObject: {fileID: 0}
  m_PrefabInstance: {fileID: 0}
  m_PrefabAsset: {fileID: 0}
  m_GameObject: {fileID: 1903016304}
  serializedVersion: 2
  m_LocalRotation: {x: 0, y: 0, z: 0, w: 1}
  m_LocalPosition: {x: 0, y: 0, z: 0}
  m_LocalScale: {x: 1, y: 1, z: 1}
  m_ConstrainProportionsScale: 0
  m_Children:
  - {fileID: 146967373}
  - {fileID: 913265636}
  m_Father: {fileID: 925433665}
  m_LocalEulerAnglesHint: {x: 0, y: 0, z: 0}
--- !u!114 &1903016306
MonoBehaviour:
  m_ObjectHideFlags: 0
  m_CorrespondingSourceObject: {fileID: 0}
  m_PrefabInstance: {fileID: 0}
  m_PrefabAsset: {fileID: 0}
  m_GameObject: {fileID: 1903016304}
  m_Enabled: 1
  m_EditorHideFlags: 0
  m_Script: {fileID: 11500000, guid: aeda7bfbf984f2a4da5ab4b8967b115d, type: 3}
  m_Name: 
  m_EditorClassIdentifier: 
  m_Weight: 0.603
  m_Data:
    m_Root: {fileID: 897373273}
    m_Mid: {fileID: 897373272}
    m_Tip: {fileID: 897373271}
    m_Target: {fileID: 146967373}
    m_Hint: {fileID: 913265636}
    m_TargetPositionWeight: 1
    m_TargetRotationWeight: 1
    m_HintWeight: 1
    m_MaintainTargetPositionOffset: 0
    m_MaintainTargetRotationOffset: 0
--- !u!4 &1927003529 stripped
Transform:
  m_CorrespondingSourceObject: {fileID: -5477749408508380018, guid: a87fdae98069d42da9ad114f0c7ee80e, type: 3}
  m_PrefabInstance: {fileID: 587415436}
  m_PrefabAsset: {fileID: 0}
--- !u!4 &1937722961 stripped
Transform:
  m_CorrespondingSourceObject: {fileID: -2577548232221058511, guid: a87fdae98069d42da9ad114f0c7ee80e, type: 3}
  m_PrefabInstance: {fileID: 587415436}
  m_PrefabAsset: {fileID: 0}
--- !u!1 &1942320036
GameObject:
  m_ObjectHideFlags: 0
  m_CorrespondingSourceObject: {fileID: 0}
  m_PrefabInstance: {fileID: 0}
  m_PrefabAsset: {fileID: 0}
  serializedVersion: 6
  m_Component:
  - component: {fileID: 1942320039}
  - component: {fileID: 1942320038}
  - component: {fileID: 1942320037}
  m_Layer: 0
  m_Name: Terrain
  m_TagString: Untagged
  m_Icon: {fileID: 0}
  m_NavMeshLayer: 0
  m_StaticEditorFlags: 2147483647
  m_IsActive: 1
--- !u!154 &1942320037
TerrainCollider:
  m_ObjectHideFlags: 0
  m_CorrespondingSourceObject: {fileID: 0}
  m_PrefabInstance: {fileID: 0}
  m_PrefabAsset: {fileID: 0}
  m_GameObject: {fileID: 1942320036}
  m_Material: {fileID: 0}
  m_IncludeLayers:
    serializedVersion: 2
    m_Bits: 1
  m_ExcludeLayers:
    serializedVersion: 2
    m_Bits: 0
  m_LayerOverridePriority: 0
  m_ProvidesContacts: 0
  m_Enabled: 1
  serializedVersion: 2
  m_TerrainData: {fileID: 15600000, guid: 5f9bd687fee4a4b5f8c71e82708466da, type: 2}
  m_EnableTreeColliders: 1
--- !u!218 &1942320038
Terrain:
  m_ObjectHideFlags: 0
  m_CorrespondingSourceObject: {fileID: 0}
  m_PrefabInstance: {fileID: 0}
  m_PrefabAsset: {fileID: 0}
  m_GameObject: {fileID: 1942320036}
  m_Enabled: 1
  serializedVersion: 6
  m_TerrainData: {fileID: 15600000, guid: 5f9bd687fee4a4b5f8c71e82708466da, type: 2}
  m_TreeDistance: 5000
  m_TreeBillboardDistance: 50
  m_TreeCrossFadeLength: 5
  m_TreeMaximumFullLODCount: 50
  m_DetailObjectDistance: 80
  m_DetailObjectDensity: 1
  m_HeightmapPixelError: 5
  m_SplatMapDistance: 1000
  m_HeightmapMaximumLOD: 0
  m_ShadowCastingMode: 2
  m_DrawHeightmap: 1
  m_DrawInstanced: 0
  m_DrawTreesAndFoliage: 1
  m_StaticShadowCaster: 0
  m_IgnoreQualitySettings: 0
  m_ReflectionProbeUsage: 1
  m_MaterialTemplate: {fileID: 10652, guid: 0000000000000000f000000000000000, type: 0}
  m_BakeLightProbesForTrees: 1
  m_PreserveTreePrototypeLayers: 0
  m_DeringLightProbesForTrees: 1
  m_ReceiveGI: 1
  m_ScaleInLightmap: 0.0256
  m_LightmapParameters: {fileID: 15203, guid: 0000000000000000f000000000000000, type: 0}
  m_GroupingID: 0
  m_RenderingLayerMask: 1
  m_AllowAutoConnect: 1
  m_EnableHeightmapRayTracing: 1
  m_EnableTreesAndDetailsRayTracing: 0
  m_TreeMotionVectorModeOverride: 3
--- !u!4 &1942320039
Transform:
  m_ObjectHideFlags: 0
  m_CorrespondingSourceObject: {fileID: 0}
  m_PrefabInstance: {fileID: 0}
  m_PrefabAsset: {fileID: 0}
  m_GameObject: {fileID: 1942320036}
  serializedVersion: 2
  m_LocalRotation: {x: 0, y: 0, z: 0, w: 1}
  m_LocalPosition: {x: -469.9, y: 0, z: -338}
  m_LocalScale: {x: 1, y: 1, z: 1}
  m_ConstrainProportionsScale: 0
  m_Children: []
  m_Father: {fileID: 0}
  m_LocalEulerAnglesHint: {x: 0, y: 0, z: 0}
--- !u!1 &1949219355
GameObject:
  m_ObjectHideFlags: 0
  m_CorrespondingSourceObject: {fileID: 0}
  m_PrefabInstance: {fileID: 0}
  m_PrefabAsset: {fileID: 0}
  serializedVersion: 6
  m_Component:
  - component: {fileID: 1949219356}
  - component: {fileID: 1949219357}
  m_Layer: 0
  m_Name: LeftLegIK
  m_TagString: Untagged
  m_Icon: {fileID: 0}
  m_NavMeshLayer: 0
  m_StaticEditorFlags: 0
  m_IsActive: 1
--- !u!4 &1949219356
Transform:
  m_ObjectHideFlags: 0
  m_CorrespondingSourceObject: {fileID: 0}
  m_PrefabInstance: {fileID: 0}
  m_PrefabAsset: {fileID: 0}
  m_GameObject: {fileID: 1949219355}
  serializedVersion: 2
  m_LocalRotation: {x: 0, y: 0, z: 0, w: 1}
  m_LocalPosition: {x: 0, y: 0, z: -42.7}
  m_LocalScale: {x: 1, y: 1, z: 1}
  m_ConstrainProportionsScale: 0
  m_Children:
  - {fileID: 72234792}
  - {fileID: 689824924}
  m_Father: {fileID: 584281739}
  m_LocalEulerAnglesHint: {x: 0, y: 0, z: 0}
--- !u!114 &1949219357
MonoBehaviour:
  m_ObjectHideFlags: 0
  m_CorrespondingSourceObject: {fileID: 0}
  m_PrefabInstance: {fileID: 0}
  m_PrefabAsset: {fileID: 0}
  m_GameObject: {fileID: 1949219355}
  m_Enabled: 1
  m_EditorHideFlags: 0
  m_Script: {fileID: 11500000, guid: aeda7bfbf984f2a4da5ab4b8967b115d, type: 3}
  m_Name: 
  m_EditorClassIdentifier: 
  m_Weight: 1
  m_Data:
    m_Root: {fileID: 1517687826}
    m_Mid: {fileID: 1517687825}
    m_Tip: {fileID: 1517687824}
    m_Target: {fileID: 72234792}
    m_Hint: {fileID: 689824924}
    m_TargetPositionWeight: 1
    m_TargetRotationWeight: 1
    m_HintWeight: 1
    m_MaintainTargetPositionOffset: 0
    m_MaintainTargetRotationOffset: 0
--- !u!1 &2097771091
GameObject:
  m_ObjectHideFlags: 0
  m_CorrespondingSourceObject: {fileID: 0}
  m_PrefabInstance: {fileID: 0}
  m_PrefabAsset: {fileID: 0}
  serializedVersion: 6
  m_Component:
  - component: {fileID: 2097771092}
  - component: {fileID: 2097771093}
  m_Layer: 0
  m_Name: RightLegIK_target
  m_TagString: Untagged
  m_Icon: {fileID: 0}
  m_NavMeshLayer: 0
  m_StaticEditorFlags: 0
  m_IsActive: 1
--- !u!4 &2097771092
Transform:
  m_ObjectHideFlags: 0
  m_CorrespondingSourceObject: {fileID: 0}
  m_PrefabInstance: {fileID: 0}
  m_PrefabAsset: {fileID: 0}
  m_GameObject: {fileID: 2097771091}
  serializedVersion: 2
  m_LocalRotation: {x: 0.14882536, y: -0, z: 0.0000001192093, w: -0.9888635}
  m_LocalPosition: {x: 3.0398617, y: 5.0486374, z: 46.3}
  m_LocalScale: {x: 0.1, y: 0.1, z: 0.1}
  m_ConstrainProportionsScale: 0
  m_Children: []
  m_Father: {fileID: 1888798085}
  m_LocalEulerAnglesHint: {x: 0, y: 0, z: 0}
--- !u!114 &2097771093
MonoBehaviour:
  m_ObjectHideFlags: 0
  m_CorrespondingSourceObject: {fileID: 0}
  m_PrefabInstance: {fileID: 0}
  m_PrefabAsset: {fileID: 0}
  m_GameObject: {fileID: 2097771091}
  m_Enabled: 1
  m_EditorHideFlags: 0
  m_Script: {fileID: 11500000, guid: 01349947f2a6a4fffa8b26b7627e5ddc, type: 3}
  m_Name: 
  m_EditorClassIdentifier: 
  body: {fileID: 1517687828}
  terrainLayer:
    serializedVersion: 2
    m_Bits: 1
--- !u!1 &2132518293
GameObject:
  m_ObjectHideFlags: 0
  m_CorrespondingSourceObject: {fileID: 0}
  m_PrefabInstance: {fileID: 0}
  m_PrefabAsset: {fileID: 0}
  serializedVersion: 6
  m_Component:
  - component: {fileID: 2132518294}
  - component: {fileID: 2132518295}
  m_Layer: 0
  m_Name: rightArm_target
  m_TagString: Untagged
  m_Icon: {fileID: 0}
  m_NavMeshLayer: 0
  m_StaticEditorFlags: 0
  m_IsActive: 1
--- !u!4 &2132518294
Transform:
  m_ObjectHideFlags: 0
  m_CorrespondingSourceObject: {fileID: 0}
  m_PrefabInstance: {fileID: 0}
  m_PrefabAsset: {fileID: 0}
  m_GameObject: {fileID: 2132518293}
  serializedVersion: 2
  m_LocalRotation: {x: -0.6731343, y: 0.21654116, z: 0.67313445, w: 0.21654113}
  m_LocalPosition: {x: 0.022539329, y: 0.8937244, z: -1.7872497}
  m_LocalScale: {x: 0.1, y: 0.09999999, z: 0.09999999}
  m_ConstrainProportionsScale: 0
  m_Children: []
  m_Father: {fileID: 888770936}
  m_LocalEulerAnglesHint: {x: 0, y: 0, z: 0}
--- !u!114 &2132518295
MonoBehaviour:
  m_ObjectHideFlags: 0
  m_CorrespondingSourceObject: {fileID: 0}
  m_PrefabInstance: {fileID: 0}
  m_PrefabAsset: {fileID: 0}
  m_GameObject: {fileID: 2132518293}
  m_Enabled: 0
  m_EditorHideFlags: 0
  m_Script: {fileID: 11500000, guid: cbbaf0a150dd145a7b72a6311300f521, type: 3}
  m_Name: 
  m_EditorClassIdentifier: 
  body: {fileID: 897373305}
  otherFoot: {fileID: 146967374}
  terrainLayer:
    serializedVersion: 2
    m_Bits: 1
--- !u!1660057539 &9223372036854775807
SceneRoots:
  m_ObjectHideFlags: 0
  m_Roots:
  - {fileID: 1647429632}
  - {fileID: 1141641176}
  - {fileID: 587415436}
  - {fileID: 1517687793}
  - {fileID: 1942320039}
  - {fileID: 897373265}
